4167 5517
2062 328 2152 396 12

325 556 414 590 =
440 531 479 593 4
508 543 580 599 -l-
607 530 670 595 5.
761 532 851 592 Ac
894 550 1023 593 cum
1067 550 1100 592 a
1145 512 1400 612 strophis
1445 551 1633 613 prope
1677 531 1862 593 dicam
1907 532 2191 594 venandis
2212 530 2619 607 abhorream,
2678 551 2849 611 unum
2904 532 3051 593 illud
3096 542 3155 594 te
3200 532 3487 596 admoneo
3532 544 3595 598 ut
3637 538 3693 595 in
3744 557 3887 601 car-

328 637 487 697 mine
530 635 830 699 recitando
878 645 1010 718 post
1053 655 1141 696 vs.
1185 633 1268 696 57
1316 634 1644 717 paululum,
1689 645 1823 715 post
1865 656 1955 698 vs.
1984 633 2070 696 59
2119 635 2480 714 aliquantulo
2528 636 2743 696 diutius
2776 635 3077 697 subsistas.
3171 634 3312 697 Nam
3343 636 3659 719 Cyclopem
3702 651 3883 722 poeta

329 740 473 801 mihi
529 740 765 801 finxisse
827 740 1056 801 videtur
1110 742 1351 817 ingenio
1408 739 1610 817 tardo,
1676 739 1830 801 uude
1884 742 2058 801 etiam
2107 740 2468 820 explicantur
2520 758 2663 818 quas
2707 741 2880 800 statui
2926 739 3418 821 intercapedines.
3505 743 3621 804 Sed
3667 747 3776 806 iam
3820 750 3876 808 si

331 842 527 923 placet
572 842 645 904 ad
691 846 1057 924 propositum
1100 852 1475 906 revertamur.

589 945 847 1027 Cyclops
910 949 1088 1026 igitur
1131 964 1252 1009 vss.
1299 941 1601 1008 58—62.
1692 945 1834 1008 Sed
1890 964 2300 1027 papavera,
2366 948 2588 1026 inquit,
2657 946 2941 1008 florent
2998 955 3319 1024 aestate,
3386 948 3552 1010 lilia
3607 949 3869 1031 hieme,

328 1061 408 1109 nt
452 1061 845 1129 utrumque
893 1069 1021 1113 unu
1073 1051 1273 1111 ferre
1316 1067 1458 1111 non
1504 1052 1801 1130 possim.
1901 1050 1992 1111 At
2036 1048 2309 1110 discam
2358 1051 2578 1111 nandi
2622 1058 2848 1111 artem
2894 1049 3017 1112 ubi
3063 1059 3280 1113 nauta
3326 1051 3747 1130 advenerit,
3801 1064 3874 1117 ut

332 1157 560 1217 unium
609 1173 793 1233 quun
841 1157 937 1217 sit
985 1154 1190 1217 rubis
1235 1156 1572 1215 suavitas
1618 1155 1688 1215 in
1733 1154 2119 1233 profundo.

593 1257 785 1337 Atque
841 1257 913 1317 do
961 1257 1169 1337 puerili
1216 1256 1448 1336 quidem
1495 1255 1768 1336 Cyclopis
1809 1258 2164 1336 simplicitate
2210 1262 2360 1328 (νεε.
2405 1253 2508 1317 58.
2555 1252 2674 1330 59)
2730 1255 2948 1318 diserte
3009 1259 3131 1335 agit
3172 1256 3525 1321 Fritzschius
3571 1259 3698 1332 (ed.
3747 1261 3879 1322 mai.

328 1361 404 1421 ad
448 1377 536 1421 us.
581 1357 721 1433 59).
801 1397 881 1405 —
957 1361 1057 1425 Vs.
1104 1370 1294 1421 autem
1339 1357 1425 1423 58
1469 1370 1529 1420 et
1572 1370 1810 1441 propter
1852 1378 2056 1421 vocem
2103 1351 2346 1440 γίνετ’
2394 1358 2466 1420 ad
2508 1378 2739 1420 versum
2783 1358 2823 1418 4
2869 1361 3016 1421 verti
3077 1369 3137 1420 et
3191 1371 3429 1441 propter
3482 1364 3883 1425 sententiarum

328 1485 536 1525 noxum.
585 1469 641 1522 in
693 1473 861 1525 notae
913 1465 1001 1545 ⁵2]
1057 1473 1216 1545 parte
1246 1474 1503 1525 extrema
1534 1464 1844 1543 explicavi.
1893 1496 1970 1509 -
2022 1464 2168 1526 Tum
2213 1469 2271 1527 in
2316 1484 2403 1528 νε.
2449 1462 2534 1526 59
2580 1455 2742 1545 ἅμα
2785 1456 3027 1526 πάντ’
3072 1468 3471 1544 coniunctum,
3517 1470 3677 1547 quod
3724 1469 3882 1531 idem

328 1569 456 1629 foro
504 1577 593 1629 out
641 1577 817 1649 atquo
861 1560 1130 1642 {iffa-ff,
1179 1576 1277 1630 aut
1322 1566 1560 1647 plebeie
1605 1586 1638 1628 a
1687 1566 1942 1648 Cyclope
1988 1578 2117 1647 aut,
2186 1570 2243 1631 id
2290 1570 2445 1649 quod
2493 1569 2897 1651 praetulerim,
2965 1568 3350 1650 hyperbolice
3393 1571 3606 1634 dictum
3652 1572 3888 1634 videtur

328 1689 480 1733 osso.
577 1673 1063 1733 Commemoravit
1108 1674 1263 1733 enim
1310 1670 1698 1751 Polyphemus
1744 1671 1888 1733 duas
1932 1681 2153 1735 tantum
2197 1692 2324 1751 res,
2369 1691 2662 1755 papavera
2709 1681 2767 1733 et
2811 1673 2953 1733 lilia.
3004 1706 3079 1718 -—
3137 1672 3321 1735 Porro
3370 1673 3602 1736 obelum
3648 1693 3882 1756 appone

328 1777 400 1837 ud
452 1797 536 1837 νε.
585 1777 689 1837 fill.
785 1777 1045 1837 Pessime
1090 1779 1244 1838 enim
1290 1775 1534 1836 traditus
1580 1786 1672 1837 est
1713 1795 1907 1855 neque
1955 1781 2012 1838 in
2060 1779 2366 1857 pristinum
2411 1777 2641 1839 videtur
2686 1778 2980 1837 restitutus
3027 1795 3159 1837 esse
3204 1779 3452 1838 nitorem
3474 1776 3581 1859 ⁶²).
3644 1812 3725 1823 —
3794 1780 3885 1842 Ao

328 1889 376 1945 ni
408 1905 444 1941 ι·
464 1881 548 1945 ov
581 1869 681 1941 ccii
713 1881 961 1961 legitur,
993 1877 1081 1941 *roi
1111 1901 1205 1959 γα
1238 1878 1702 1957 coniungendam
1733 1889 1824 1942 est
1853 1899 1980 1943 cum
2011 1886 2215 1954 νεῖν,
2254 1881 2412 1960 quod
2440 1880 2538 1941 hic
2567 1879 2858 1957 signifieat
2888 1888 2948 1940 et
2974 1902 3117 1943 nare
3147 1890 3206 1941 et
3232 1884 3455 1942 ανίπαη·
3486 1888 3575 1955 (ν.
3590 1893 3709 1945 not.
3730 1882 3878 1958 ⁶²)).

328 1989 476 2049 Tum
528 1989 781 2065 Cyclops
829 1985 917 2045 hin
961 1983 1206 2045 vocibus
1252 1981 1367 2045 νῦν
1411 1968 1499 2043 αὖ
1542 1983 1615 2044 ad
1661 2002 1730 2044 ea
1776 2002 1929 2062 quae
1975 1988 2195 2066 optavit
2238 1985 2507 2065 respicit,
2564 2001 2743 2061 quare
2802 1992 2967 2044 verto
3013 1998 3160 2047 nun
3207 1981 3398 2049 abet.
3488 1982 3634 2047 Νῦν
3690 1996 3878 2049 autem

332 2093 524 2169 ipsum
577 2113 693 2153 non
745 2093 813 2149 do
865 2090 1154 2169 praesenti
1203 2096 1465 2167 tempore
1510 2086 1968 2164 intellegendum
2014 2098 2133 2164 est,
2180 2089 2281 2150 sed
2330 2088 2407 2149 de
2450 2087 2672 2163 futuro,
2719 2104 2847 2146 cum
2893 2089 3084 2148 statim
3129 2098 3406 2168 sequatur
3447 2089 3879 2169 μεμαθεῦμαι

328 2197 424 2253 rol
472 2193 945 2273 pnoffipnifflj.
997 2225 1077 2237 —-
1124 2190 1266 2251 Tum
1296 2210 1383 2250 νε.
1415 2186 1494 2252 61
1545 2174 1693 2252 ὧδε
1737 2201 1938 2252 contra
1985 2194 2284 2272 epicorum
2328 2210 2495 2252 usum
2540 2192 2637 2252 hic
2681 2199 2740 2251 et
2785 2194 3019 2270 saepius
3064 2194 3120 2252 in
3155 2190 3439 2254 bucolicis
3486 2212 3656 2254 sensu
3701 2194 3873 2254 locali

328 2309 661 2377 usurpat-nm
713 2309 833 2373 out,
881 2305 941 2357 ut
985 2301 1061 2357 sit
1103 2296 1340 2355 latinum
1385 2296 1508 2355 huc.
1583 2328 1659 2341 —-
1737 2295 1963 2373 Atque,
2023 2304 2084 2355 ut
2129 2314 2215 2355 νε.
2259 2291 2345 2357 53
2391 2313 2504 2356 non
2549 2296 2677 2356 sine
2721 2305 2994 2376 respectu
3039 2295 3273 2357 fabulae
3317 2296 3658 2358 Homericae
3700 2305 3872 2376 poeta

328 2405 809 2465 commemorarit
841 2401 1069 2457 ooulurn
1103 2418 1310 2475 unum,
1357 2400 1435 2459 ita
1467 2417 1542 2460 ne
1574 2399 1724 2461 hanc
1751 2400 1987 2477 quidem
2022 2398 2279 2468 advenae
2323 2385 2673 2463 mentionem
2721 2400 2880 2462 nulla
2924 2400 3161 2462 Homeri
3206 2404 3431 2462 ratione
3478 2401 3669 2462 habita
3716 2401 3870 2477 fecit,

336 2509 492 2565 uude
540 2509 745 2565 rniruni
797 2513 1065 2581 quantuni
1113 2506 1351 2565 carmini
1398 2512 1597 2566 nostro
1644 2502 1928 2565 redundat
1971 2504 2306 2581 gratiarum.
2396 2501 2583 2579 Quid,
2650 2493 2806 2583 quod
2853 2502 3103 2585 Cyclops
3159 2523 3245 2566 νε.
3288 2501 3373 2564 62
3430 2522 3548 2565 nou
3603 2504 3883 2567 abhorret

328 2629 364 2669 a
412 2609 865 2689 cogitationibus
909 2609 1158 2684 toneris,
1217 2616 1573 2688 quapropter
1618 2615 1772 2668 totns
1818 2624 2026 2666 versus
2071 2624 2346 2667 summam
2391 2608 2575 2686 spirat
2616 2610 2953 2669 suavitatem
3013 2607 3364 2686 litteraeque
3414 2607 3767 2686 gutturales,
3826 2611 3877 2669 si

324 2737 364 2773 κ
412 2717 472 2773 in
516 2717 849 2773 aurosum
893 2713 1150 2789 excipis,
1219 2729 1460 2791 prorsus
1517 2710 1757 2787 absunt,
1827 2727 1958 2770 uam
2013 2727 2123 2789 pro
2166 2701 2320 2788 ποκ’
2365 2709 2536 2770 codd.
2584 2713 3038 2790 praestantiores
3084 2711 3359 2772 exhibent
3400 2702 3703 2781 ποθ’64).
3792 2711 3881 2773 Ita

328 2817 392 2877 fit
440 2825 500 2873 ut
544 2817 937 2893 Polyphemus
989 2816 1335 2876 dulcissimis
1388 2832 1507 2875 non
1551 2813 1723 2874 modo
1766 2812 2017 2874 vocibus
2062 2812 2171 2873 sed
2214 2815 2375 2874 sonis
2420 2812 2693 2875 Galateae
2749 2822 2944 2894 captet
3001 2815 3277 2875 favorem.
3357 2845 3432 2858 -—-
3521 2812 3740 2874 Verum
3798 2814 3874 2875 de

328 2909 605 2997 ἔμμεν,
657 2925 693 2981 i.
741 2941 817 2993 ε..
865 2921 961 2981 tibi
1005 2919 1396 2998 sororibusque
1439 2919 1544 2978 nais
1590 2916 1988 2991 (Nereidibus)
2034 2920 2149 2978 iam
2192 2936 2369 2996 supra
2416 2920 2684 2981 admonui
2731 2918 2803 2980 ad
2849 2910 2979 2998 ἁμέ
3020 2924 3141 2991 (νε.
3188 2916 3325 2989 42).

593 3025 753 3085 Eunu
797 3029 1057 3085 vonimus
1100 3021 1172 3084 ad
1218 3023 1476 3100 quintam
1521 3019 1847 3081 cautilenae
1892 3030 2116 3099 partem
2162 3020 2307 3103 (vss.
2351 3017 2676 3102 63-71).
2780 3024 2868 3083 Ac
2912 3022 3102 3083 denuo
3148 3020 3381 3100 quidem
3426 3022 3611 3083 fistula
3656 3039 3878 3083 canens

328 3149 500 3206 quarn
561 3137 781 3189 tumore
841 3128 1164 3205 sperauerit
1220 3125 1292 3186 ad
1351 3124 1644 3186 Galateam
1700 3141 1768 3185 se
1825 3141 2005 3204 posse
2062 3124 2351 3187 accedere
2392 3123 2760 3204 pedatim*)
2819 3126 3128 3206 intellegit.
3219 3129 3297 3187 At
3350 3130 3544 3188 omnia
3593 3125 3752 3187 videt
3795 3143 3875 3185 ex

328 3237 617 3293 sententia
665 3253 797 3289 osso
845 3248 1189 3309 processura
1234 3230 1284 3289 si
1331 3214 1569 3289 Galatea
1614 3228 1820 3289 relicto
1867 3230 2007 3288 mari
2053 3228 2126 3288 ad
2172 3248 2238 3289 se
2284 3232 2509 3306 veniat,
2556 3247 2737 3308 quare
2780 3230 2975 3309 pergit
3017 3227 3131 3289 hoc
3173 3239 3347 3309 pacto

585 3353 701 3393 vsu.
749 3329 1061 3393 Εἴθε-θῦε
1130 3333 1414 3394 Utinam
1458 3332 1852 3410 relinquas
1898 3349 2091 3393 mare
2146 3349 2226 3393 ac
2282 3331 2490 3393 nolis
2545 3335 2733 3395 istuc
2790 3332 3057 3393 redire.
3147 3332 3430 3395 Utinam
3475 3331 3671 3393 velis
3715 3349 3876 3392 ma-

328 3457 504 3497 nure
553 3441 737 3521 apud
785 3457 889 3497 mo
933 3457 1013 3497 ao
1061 3439 1359 3516 negotia
1404 3453 1556 3497 mea
1603 3435 1836 3500 obire.

593 3545 725 3621 Ago
785 3561 955 3617 πετο,
1025 3558 1216 3601 nonne
1269 3542 1410 3601 satis
1467 3538 1686 3601 urbane
1732 3540 1940 3599 invitat
1982 3538 2278 3600 Galateam
2322 3548 2386 3600 ut
2427 3556 2623 3601 secum
2667 3541 2978 3618 pastoricia
3022 3540 3380 3602 administret
3420 3536 3705 3613 negotia?
3791 3539 3873 3598 At

324 3657 480 3709 ortui
528 3645 909 3705 vehomenter
953 3642 1107 3725 quod
1151 3662 1239 3706 νε.
1283 3638 1368 3704 63
1413 3641 1665 3704 libenter
1707 3650 1906 3722 sperat
1949 3642 2108 3703 illam
2152 3661 2288 3703 esse
2330 3651 2730 3722 suscepturam
2779 3645 3049 3723 negotia,
3116 3662 3264 3722 quae
3320 3641 3461 3718 quin
3514 3642 3704 3701 invisa
3756 3644 3874 3704 sint

328 3749 561 3833 puellae
613 3761 673 3809 ot
721 3757 961 3829 proptor
1005 3749 1219 3809 odores
1264 3746 1446 3807 malos
1493 3755 1554 3807 et
1595 3754 1835 3825 propter
1880 3761 2047 3806 curas
2092 3745 2368 3809 molestas
2412 3748 2543 3825 quis
2596 3756 2688 3808 est
2742 3750 2840 3827 qui
2898 3746 3165 3809 dubitet?
3252 3776 3329 3788 --
3422 3746 3512 3803 Ac
3566 3736 3873 3805 λάθοιο

328 3857 561 3933 quidum
613 3873 741 3913 oum
789 3853 1069 3913 inlinit-iro
1117 3852 1334 3912 obiecti
1379 3840 1868 3929 (ἅπενθεῖν)
1914 3849 2282 3910 coniunctum
2327 3859 2417 3910 est
2436 3846 2544 3931 ⁶³).
2632 3850 2778 3912 Nam
2822 3849 3293 3924 ἐξενθοῖσα,
3353 3864 3503 3925 qnae
3544 3847 3868 3908 enuntiatio

320 3969 412 4021 ost
456 3957 741 4017 adientiuu
789 3957 885 4017 rel
933 3961 1125 4037 potius
1171 3952 1546 4035 temporalis,
1590 3950 1695 4013 sed
1728 3950 2059 4027 decurtata,
2107 3952 2178 4013 ad
2223 3953 2544 4017 subiectum
2590 3965 2681 4017 est
2724 3953 3090 4018 referendum
3125 3950 3238 4011 hoe
3265 3950 3473 4012 modo:
3516 3954 3614 4014 ubi
3644 3956 3864 4027 exiet-022,

320 4061 653 4125 obliviscor-n
701 4065 949 4121 rodi-tuo!
1025 4095 1105 4105 —-
1180 4058 1322 4120 Tum
1366 4075 1451 4118 vs.
1497 4051 1582 4118 64
1637 4051 1779 4116 νῦν
1835 4038 1983 4115 ὧδε
2025 4052 2486 4138 καθήμενος
2529 4058 2845 4119 membrum
2890 4054 3070 4117 efficit
3112 4063 3171 4117 et
3212 4071 3418 4117 versus
3460 4066 3523 4118 et
3564 4055 3864 4129 orationis,

324 4177 685 4245 quapropter
729 4175 921 4225 verto:
973 4169 1065 4245 orii
1106 4184 1254 4225 nunc
1296 4163 1386 4224 hic
1425 4161 1615 4224 sedeo.
1692 4160 2051 4235 Scite-enim
2099 4168 2273 4240 poeta
2315 4160 2412 4222 hic
2456 4160 2771 4240 Cyclopem
2814 4159 2979 4222 finxit
3022 4166 3313 4239 pastorem
3361 4160 3679 4224 officiorum
3724 4168 3868 4221 tan-

328 4269 456 4329 dom
504 4271 909 4333 recordantem
957 4269 1243 4348 simulque
1290 4265 1547 4348 lepidam
1595 4267 1842 4327 intexuit
1884 4280 2095 4324 vocum
2136 4262 2365 4325 ludum:
2414 4283 2548 4326 nam
2591 4262 2745 4325 aliud
2792 4272 2886 4324 est
2926 4261 3161 4326 domum
3202 4264 3289 4324 ire
3331 4262 3749 4343 Polyphemum
3791 4261 3870 4325 ad

324 4377 548 4437 stabulo
597 4393 665 4437 ao
709 4393 905 4437 ourani
949 4376 1184 4453 gregis,
1230 4370 1390 4434 aliud
1432 4368 1747 4433 Nereidem
1790 4366 1866 4429 ad
1911 4385 2151 4430 sorores
2195 4385 2265 4428 ac
2308 4366 2493 4429 ludos.
2556 4398 2635 4413 ·-·
2704 4364 2960 4428 Attende
3002 4367 3177 4430 etiam
3221 4376 3430 4436 tectam
3474 4368 3691 4431 amoris
3735 4368 3864 4427 sin·-

320 4481 444 4541 oori
500 4481 893 4553 montionem,
961 4481 1053 4537 oui
1109 4476 1270 4538 addit
1324 4494 1410 4537 νε.
1455 4469 1544 4537 65
1587 4491 1738 4553 quae
1783 4470 2089 4534 subeunda
2132 4473 2249 4534 siut
2290 4471 2523 4553 puellae
2565 4471 2806 4548 negotia
2850 4468 3052 4533 facilia
3091 4469 3191 4532 illa
3236 4470 3471 4548 quidem
3516 4479 3576 4531 et
3618 4468 3873 4532 iucunda
3923 4505 3929 4512 -

320 4585 573 4665 pastori,
621 4581 721 4645 uod
769 4581 1009 4641 Nereidi
1057 4597 1306 4660 operosa
1352 4587 1412 4642 et
1451 4577 1721 4641 molesta.
1822 4575 2033 4655 Neque
2079 4577 2292 4637 reticet
2335 4584 2531 4637 noster
2576 4582 2941 4655 quantopere
2982 4573 3222 4655 puellae
3268 4572 3565 4638 desideret
3606 4590 3870 4638 consue-

320 4685 577 4749 tudinem
629 4685 1025 4745 cottidianam,
1098 4717 1183 4729 —
1257 4681 1401 4744 Tum
1453 4676 1598 4743 σὺν
1654 4678 1839 4759 ἐμὶν
1883 4669 2047 4758 ἅμα
2094 4687 2219 4740 arte
2265 4678 2544 4740 cohaeret
2587 4695 2782 4757 neque
2825 4680 2875 4738 si
2920 4680 3131 4738 recitas
3176 4692 3420 4739 caesura
3464 4674 3874 4737 dissecandum

794 4826 799 4827 ν
840 4825 924 4833 —mn—

528 4913 577 4977 *J
633 4909 829 4963 Confer
865 4925 1001 4977 quun
1037 4875 1235 4961 summa
1268 4905 1462 4975 pagina
1494 4904 1785 4974 significavi
1823 4901 1890 4955 de
1927 4900 2169 4954 tarditate
2210 4900 2455 4967 Cyclopis
2492 4901 2663 4971 deque
2699 4896 3174 4966 intercapedinibus
3213 4895 3525 4951 cantilenae.
