4167 5517
2142 388 2235 461 13

408 608 612 695 emm).
663 643 744 658 --
790 611 881 671 Ac
912 606 1028 669 καὶ
1054 640 1133 651 --
1163 605 1278 666 καὶ
1321 621 1442 665 non
1474 611 1609 664 sunt
1655 598 1867 679 frigida
1914 598 2294 674 correlative,
2341 594 2449 657 sed
2493 595 2772 656 inducunt
2813 594 3135 656 membrum
3179 596 3424 657 alterum
3470 604 3530 656 et
3572 597 3800 657 tertium
3844 613 3965 676 po·—

402 717 719 797 lysyndeti,
766 731 920 793 quae
966 711 1159 791 ligura
1206 709 1492 769 orationis
1535 707 1726 788 poe‘tis
1771 713 1864 766 est
1906 703 2374 765 familiarissima.

661 819 792 881 Jam
835 833 1013 893 vero,
1064 827 1417 892 quamquam
1462 811 1555 872 his
1598 809 1868 871 versibus
1912 805 2249 871 admiranda
2297 813 2388 866 est
2433 807 2602 884 copia
2647 802 2993 881 verborum,
3038 813 3231 864 tamen
3277 819 3426 882 quae
3471 812 3681 884 sponte
3724 802 3968 863 intelle-

395 934 613 1007 guntur
655 921 919 982 breviter
965 918 1402 999 significantur,
1490 913 1671 975 veluti
1728 932 1816 974 vs.
1863 908 1950 974 66
2004 911 2262 984 πᾶξαι
2320 902 2577 992 τυρόν.
2668 906 2811 967 Nam
2857 910 3095 988 proprie
3142 907 3448 970 dicendum
3493 906 3601 968 fuit
3640 902 3968 987 πηγνύναι

398 1025 572 1113 γάλα
586 1025 655 1107 *)
714 1014 885 1085 ὥστε
943 1021 1264 1102 γενέσθαι
1324 1013 1557 1099 τυρόν,
1632 1015 1789 1096 quod
1850 1015 2156 1077 tolerabile
2217 1034 2331 1075 non
2389 1022 2548 1073 esset
2605 1015 2665 1072 in
2723 1014 2994 1075 carmine.
3086 1012 3278 1073 Potuit
3323 1014 3492 1072 etiam
3539 1010 3651 1071 dici
3693 1006 3968 1073 πακτὰν

399 1132 659 1205 πᾶξαι,
708 1126 814 1188 sed
861 1146 932 1187 ne
978 1125 1038 1187 id
1087 1126 1321 1205 quidem
1370 1130 1583 1203 pomae
1628 1120 1867 1201 placuit.
1959 1117 2154 1193 Quare
2198 1117 2476 1199 praetulit
2516 1114 2729 1189 πᾶξαι
2772 1111 3001 1197 τυρόν,
3057 1115 3215 1193 quod
3258 1115 3392 1195 plus
3436 1123 3556 1191 est,
3600 1133 3727 1176 cum
3771 1117 3967 1192 signi-

402 1239 545 1298 ficet
588 1242 645 1294 et
690 1226 861 1312 γάλα
904 1224 1239 1312 πηγνύναι
1280 1236 1341 1287 et
1368 1229 1590 1288 ποιεῖν
1617 1218 1837 1306 τυρόν.
1912 1222 2007 1283 Fit
2051 1226 2205 1282 enim
2251 1238 2456 1281 caseus
2502 1238 2537 1279 e
2581 1220 2767 1296 lacte,
2811 1219 2966 1280 unde
3011 1220 3237 1298 liquore
3283 1228 3663 1280 secernuntur
3704 1222 3965 1282 immisso

410 1337 664 1415 coagulo
709 1330 1055 1415 (τάμισος).
1107 1361 1188 1376 --
1245 1328 1415 1403 Quod
1461 1337 1656 1389 autem
1704 1325 1846 1386 dicit
1891 1320 2181 1405 τάμισον
2225 1321 2634 1407 δριμεῖαν,
2682 1323 2896 1401 ambigi
2942 1332 3138 1404 potest
3171 1332 3359 1383 utrum
3395 1323 3470 1383 ob
3503 1324 3744 1383 effectus
3772 1324 3965 1384 vehe—

403 1442 676 1503 mentiam
720 1453 790 1498 an
838 1438 914 1498 ob
964 1436 1201 1515 saporis
1250 1434 1629 1493 acrimoniam
1687 1447 1759 1489 an
1822 1428 1899 1489 ob
1945 1427 2148 1489 odoris
2202 1431 2317 1489 vim
2363 1437 2761 1509 penetrantem
2811 1430 2898 1487 sic
2942 1425 3287 1506 appelletur.
3392 1428 3510 1488 Sed
3556 1437 3618 1488 ut
3669 1430 3962 1507 posterius

409 1545 704 1626 amplexer
748 1540 1000 1601 suadent
1049 1547 1108 1598 et
1164 1556 1311 1616 quae
1367 1543 1809 1598 antecesserunt
1853 1541 1913 1593 et
1957 1532 2116 1611 quod
2164 1541 2321 1594 extat
2362 1532 2489 1610 Vll,
2540 1527 2621 1591 16
2665 1528 2871 1613 δέρμα
2913 1534 3066 1603 νέας
3109 1532 3420 1612 ταμίσοιο
3462 1526 3817 1592 πστόσδον.

659 1647 788 1709 Jam
832 1660 1013 1718 vero,
1083 1660 1157 1702 ne
1205 1641 1408 1721 puella
1461 1639 1883 1719 Polyphemum
1931 1634 2088 1715 quod
2131 1636 2385 1698 nondum
2429 1637 2658 1696 venerit
2702 1637 2906 1695 iratum
2958 1637 3304 1715 suspicetur,
3374 1652 3659 1695 excusans
3702 1634 3862 1695 illam
3905 1636 3965 1694 in

403 1751 691 1813 Thoosam
736 1755 980 1807 matrem
1031 1762 1264 1805 omnem
1314 1744 1545 1823 culpam
1591 1740 1819 1802 confert
1838 1738 1945 1818 ⁶⁷).
2038 1737 2232 1812 Quare
2277 1738 2529 1818 Cyclops

667 1868 788 1910 vss.
835 1844 1138 1909 67—71.
1238 1848 1473 1908 Mater
1514 1866 1700 1922 mea,
1769 1846 1987 1923 inquit,
2057 1843 2244 1903 male
2291 1843 2374 1903 de
2421 1859 2521 1903 me
2568 1850 2929 1920 meretur,
2988 1858 3140 1902 cum
3184 1841 3395 1901 nullo
3441 1840 3650 1902 modo
3695 1860 3801 1901 me
3847 1843 3964 1920 qui

399 1957 714 2023 tabesco
759 1969 1006 2014 amore
1053 1950 1386 2012 adiuvet.
1477 1951 1620 2011 Sed
1667 1948 2066 2011 miserebit
2111 1950 2243 2006 iam
2292 1946 2491 2006 illam
2539 1951 2706 2024 mei,
2755 1949 2815 2006 si
2860 1948 3025 2024 ipse
3069 1945 3241 2005 mihi
3285 1947 3421 2004 vim
3468 1945 3813 2007 attulero.

666 2056 770 2117 Vs.
804 2056 982 2136 igitur
1027 2052 1111 2115 67
1160 2055 1428 2116 iniuriam
1478 2064 1645 2135 putat
1690 2053 1945 2133 Cyclops
1990 2051 2102 2112 sibi
2150 2067 2286 2110 esse
2329 2050 2547 2111 illatam
2594 2043 2901 2131 (α’δικεῖ
2935 2049 3044 2131 με)
3091 2050 3246 2128 quod
3288 2059 3472 2111 mater
3517 2068 3633 2110 non
3678 2049 3966 2109 concilia-

406 2164 559 2224 verit
603 2164 830 2240 nuptias
890 2159 1019 2237 vel,
1094 2169 1159 2219 ut
1205 2164 1334 2239 ipse
1384 2177 1471 2219 vs.
1518 2160 1789 2237 sequenti
1836 2158 2100 2236 queritur
2142 2156 2445 2231 urbanius,
2516 2154 2669 2234 quod
2717 2156 2952 2215 omnino
2999 2167 3287 2232 nunquam
3333 2153 3454 2214 ulla
3498 2172 3605 2234 pro
3649 2172 3718 2215 se
3762 2154 3968 2213 iecerit

402 2265 600 2327 verba.
646 2297 734 2310 -
776 2264 905 2324 Jam
950 2282 1037 2324 vs.
1087 2258 1175 2323 68
1221 2258 1562 2343 πήποκα
1607 2249 1851 2342 apparet
1895 2262 2222 2339 significatu
2267 2277 2595 2338 congruere
2640 2277 2767 2320 cum
2812 2260 2989 2319 attico
3035 2255 3333 2319 πώποτε.
3422 2257 3511 2317 Ac
3554 2260 3684 2319 soni
3732 2257 3966 2336 quidem

400 2370 626 2430 formae
682 2359 933 2449 πήποχ”
994 2385 1111 2428 uon
1175 2369 1372 2427 minus
1431 2383 1600 2445 quam
1661 2366 1840 2455 verba
1899 2364 2187 2425 cumulata
2244 2354 2433 2424 οὐδὲν
2475 2355 2726 2444 stoinef
2771 2352 2933 2435 ὅλως
2976 2365 3140 2442 quasi
3186 2364 3430 2442 pingunt
3474 2360 3967 2440 indignabundum

401 2490 728 2551 vocemque
786 2480 1138 2550 augentem,
1211 2480 1275 2530 ut
1330 2479 1516 2530 mater
1559 2469 1758 2529 audiat
1802 2468 2098 2547 filiumque
2144 2466 2507 2528 commendet
2551 2466 2806 2547 puellae.
2895 2500 2979 2513 —
3069 2466 3252 2540 Quam
3298 2465 3854 2526 commendationem
3901 2481 3967 2523 se

401 2594 621 2656 cupere
664 2577 884 2636 indicat
926 2592 1076 2634 voce
1124 2572 1396 2654 φίλον,
1458 2575 1497 2633 i.
1546 2592 1635 2650 e.‚
1713 2573 1871 2651 quod
1919 2571 2023 2634 tibi
2071 2568 2399 2651 (Galateae)
2445 2572 2519 2629 sit
2564 2580 2816 2648 gratum,
2871 2565 3218 2653 προςφιλές
3262 2569 3448 2648 (Vm,
3492 2565 3578 2628 28
3621 2563 3969 2651 προςφιλὲς

402 2665 565 2764 {osv
609 2675 825 2759 ἔπος).
907 2678 1169 2738 Accusat
1225 2686 1420 2738 autem
1479 2676 1570 2736 his
1625 2676 1826 2737 verbis
1887 2685 2129 2736 matrem
2185 2694 2258 2735 eo
2312 2676 2548 2753 gravius
2606 2692 2722 2753 quo
2778 2674 3008 2735 facilius
3061 2682 3372 2753 expectare
3426 2682 3624 2753 potest
3678 2673 3967 2733 Thoosam

408 2783 572 2844 deam
619 2786 929 2859 marinam,
980 2799 1133 2861 quae
1182 2798 1417 2860 semper
1462 2778 1735 2841 Galateae
1781 2788 1982 2840 utatur
2028 2778 2475 2854 consuetudine,
2521 2780 2860 2858 praesertim
2908 2796 3035 2838 cum
3082 2788 3143 2837 et
3184 2780 3370 2838 maior
3412 2787 3547 2837 natu
3588 2786 3648 2837 et
3676 2780 3802 2857 ipsa
3827 2797 3966 2838 ma·-

408 2895 499 2947 ter
543 2888 646 2962 sit,
690 2891 739 2947 si
770 2886 902 2967 plus
935 2885 1218 2946 adiuvare
1256 2884 1542 2961 noluerit,
1589 2894 1647 2944 at
1676 2884 1971 2945 interdum
2002 2892 2169 2961 grata
2216 2882 2499 2962 quaedam
2547 2881 2780 2962 puellae
2825 2882 2899 2941 de
2946 2883 3065 2942 lilio
3100 2900 3233 2943 esse
3263 2888 3634 2942 narraturam.
3678 2913 3767 2928 --
3812 2882 3965 2956 Quin

407 2992 581 3051 etiam
636 2991 1093 3051 inhumanitatem
1153 2999 1212 3050 et
1276 2979 1656 3049 crudelitatem
1707 3007 1795 3049 vs.
1843 2983 1930 3047 69
1990 2991 2279 3067 vituperat
2334 2988 2531 3046 matris
2586 2988 2804 3065 quippe
2851 3004 3002 3064 quae
3046 2985 3226 3046 fllium
3273 3003 3446 3064 quem
3492 2984 3727 3046 cottidie
3770 2987 3967 3046 videat

404 3097 593 3155 macie
639 3093 965 3154 confectum
1023 3094 1188 3154 nullo
1235 3094 1412 3154 modo
1461 3092 1764 3154 doloribus
1809 3092 2045 3154 liberet.
2125 3123 2213 3137 —
2297 3090 2453 3150 Dixit
2498 3098 2687 3148 autem
2733 3096 2908 3169 poeta
2955 3076 3170 3171 ἆμαρ
3217 3081 3349 3149 gn?
3397 3075 3609 3172 ἆμαρ
3644 3109 3755 3168 per
3797 3096 3963 3149 totum

407 3203 675 3277 quemque
721 3198 904 3275 diem,
949 3197 1102 3275 quod
1155 3199 1288 3277 plus
1329 3195 1508 3257 habet
1551 3215 1861 3257 nervorum
1908 3209 2082 3276 quam
2130 3194 2285 3273 quod
2331 3193 2583 3272 legimus
2625 3193 2834 3271 XVIII,
2878 3191 2965 3253 96
3008 3184 3117 3254 ἐπ’
3150 3179 3330 3274 ἆμαρ
3376 3190 3657 3253 ἕκαστον
3675 3191 3782 3274 ⁶⁸).
3858 3192 3965 3253 Cui

408 3309 604 3360 tamen
653 3302 1120 3379 interpretationi
1165 3302 1329 3362 locus
1376 3285 1489 3362 non
1540 3309 1630 3360 est
1673 3304 1787 3361 nisi
1835 3301 2062 3361 inducis
2106 3299 2408 3360 Fritzschii
2452 3292 2871 3357 λεπτύνοντα
2930 3306 2987 3355 et
3030 3299 3268 3375 reponis
3315 3296 3580 3356 codicum
3624 3299 3964 3375 scripturam

402 3398 714 3464 λεπτὸν
757 3398 1028 3464 ἐόντα.
1076 3439 1157 3447 —-
1206 3406 1294 3465 Ac
1328 3407 1621 3484 significat
1663 3404 1761 3464 hic
1804 3399 2077 3478 λεπτὸς,
2126 3402 2282 3483 quod
2328 3402 2542 3463 dictum
2591 3410 2678 3462 est
2723 3420 2755 3461 a
2800 3397 3059 3474 λέπειν,
3106 3400 3399 3460 hominem
3443 3404 3606 3461 cuius
3650 3417 3782 3461 ossa
3830 3409 3965 3458 tan-

401 3518 521 3568 tum
566 3508 769 3567 relicta
819 3517 991 3583 sunt,
1042 3510 1209 3585 quasi
1254 3511 1328 3568 sit
1370 3518 1607 3569 truncus
1656 3509 2043 3569 decorticatus
2091 3526 2160 3569 ac
2203 3507 2538 3567 delibratus.
2588 3537 2668 3549 -ω-
2716 3506 2791 3564 At
2835 3506 3022 3583 ipsum
3070 3499 3320 3566 λεπτὸν
3362 3501 3561 3566 ἐόντα
3607 3522 3752 3565 cave
3797 3503 3964 3563 refe·—

404 3627 499 3671 ras
544 3611 616 3670 ad
660 3596 840 3693 ἆμαρ
890 3603 1001 3672 ἐπ’
1052 3596 1262 3690 ἆμαρ,
1335 3610 1491 3690 quod
1538 3630 1667 3671 cum
1714 3614 2024 3692 participio
2071 3604 2312 3692 ὖρεῑίσα
2359 3608 2829 3687 coniungentium
2877 3618 2997 3684 est,
3065 3621 3410 3687 quamquam
3462 3624 3701 3669 caesura
3758 3601 3965 3686 (μετὰ

407 3716 634 3791 τρίτον
674 3715 1011 3795 τροχαῖον)
1074 3714 1145 3775 ab
1211 3714 1315 3774 illo
1365 3714 1734 3793 disiungitur.
1829 3716 1913 3776 Ac
1957 3719 2212 3776 recitans
2259 3714 2492 3793 quidem
2537 3716 2586 3773 si
2633 3722 2769 3773 ante
2816 3729 3090 3772 caesuras
3134 3713 3392 3773 membra
3440 3713 3721 3773 orationis
3767 3710 3965 3770 disse—

411 3823 606 3875 cantes
648 3836 852 3877 vocem
900 3835 1019 3879 non
1072 3818 1393 3892 submittis,
1443 3817 1712 3878 audietur
1759 3822 1931 3879 etiam
1976 3820 2288 3879 verborum
2332 3837 2536 3880 nexus,
2595 3849 2676 3861 -—
2743 3816 2858 3876 Ubi
2904 3824 3092 3876 autem
3138 3819 3475 3876 recitaveris
3519 3816 3673 3875 hunc
3713 3832 3963 3887 versum,

409 3918 628 3976 senties
671 3931 973 3999 praeterea
1024 3932 1241 4000 quanto
1290 3920 1501 3981 dolore
1549 3921 1806 4002 Cyclops
1850 3933 2301 3983 commoveatur.
2405 3921 2543 3981 Nam
2591 3939 2669 3994 α,
2728 3920 2919 3979 littera
2964 3929 3027 3980 ut
3071 3921 3152 3979 ita
3197 3919 3384 3979 dicam
3429 3918 3725 3996 lugubriS,
3781 3935 3965 3995 repe-

405 4024 547 4082 titur
590 4026 822 4101 septies.

668 4125 794 4184 Jam
839 4136 951 4188 stat
995 4128 1241 4209 Cyelopi
1289 4132 1579 4190 sententia
1626 4126 1766 4209 (vss.
1815 4128 1917 4190 70.
1967 4128 2076 4210 71)
2126 4128 2399 4205 frangere
2445 4127 2649 4187 durum
2693 4128 2893 4186 matris
2939 4128 3225 4201 animum,
3278 4123 3403 4184 vult
3448 4126 3600 4184 enim
3647 4123 3963 4184 saeviendo

411 4229 469 4284 in
516 4239 699 4289 semet
744 4230 932 4308 ipsum
980 4235 1236 4293 excitare
1283 4233 1444 4293 illius
1488 4231 1966 4297 misericordiam.
2013 4263 2098 4278 —-
2164 4231 2391 4292 Etenim
2438 4229 2801 4291 scribendum
2850 4246 3065 4289 censeo
3109 4221 3345 4308 φλασῶ
3361 4224 3450 4309 ⁷⁰)
3496 4223 3625 4288 τὰν
3667 4222 3965 4307 κεφαλὰν

405 4326 523 4389 καὶ
563 4325 686 4400 τὼς
729 4326 960 4402 πόδας·
989 4323 1371 4417 ἀμφοτέρως
1413 4356 1564 4415 μευ
1613 4345 1760 4410 cet.‚
1819 4335 1972 4413 quod
2022 4339 2101 4396 ita
2149 4335 2404 4414 explico.
2496 4333 2751 4415 Cyclops
2795 4337 3066 4395 minitans
3109 4332 3395 4393 exclamat
3440 4343 3501 4393 ut
3543 4332 3741 4392 audiat
3782 4340 3966 4391 mater

405 4434 618 4511 suique
664 4435 1005 4494 misereatur
1036 4455 1049 4494 ε
1137 4435 1458 4499 Per-cutiam
1501 4441 1637 4499 mim
1694 4447 1862 4517 caput
1916 4448 1968 4500 et
2021 4446 2315 4519 utramque
2364 4436 2559 4498 tibiam
2578 4445 2661 4498 :ut
2700 4446 2881 4498 mater
2921 4438 3313 4498 ¹contremiscat
3353 4445 3405 4497 et
3448 4453 3587 4496 cura
3626 4435 3963 4495 sollicitetur.

356 4565 362 4573 ·
402 4535 530 4597 Nec
587 4543 781 4594 tamen
834 4536 950 4597 hoc
1008 4537 1265 4599 facmrus
1325 4552 1442 4618 est,
1522 4559 1650 4602 cum
1707 4540 1958 4603 confidat
1994 4542 2138 4620 ,fore
2184 4553 2245 4604 ut
2290 4551 2473 4603 mater
2515 4541 2916 4603 misericordia
2961 4549 3116 4600 mota
3160 4540 3392 4602 tandem
3437 4539 3673 4620 puellae
3716 4539 3964 4599 animum

404 4638 520 4700 sibi
566 4635 858 4698 eonciliet.
906 4672 989 4684 —-
1035 4641 1123 4701 Ac
1168 4655 1255 4702 vs.
1308 4643 1541 4719 quidem
1587 4643 1671 4704 70
1716 4663 1832 4706 non
1877 4653 1938 4706 te
1982 4644 2240 4706 offendet
2284 4645 2438 4725 quod
2484 4644 2735 4725 Cyclops
2780 4645 2903 4705 vult
2945 4645 3056 4704 sibi
3103 4655 3413 4725 percutere
3457 4641 3761 4724 caput⁷¹)‚
3808 4642 3963 4722 qnod

616 4879 665 4947 *)
720 4867 780 4927 Γ
772 4858 876 4929 ἅλ’
924 4860 1231 4949 ἀμέλγειν
1279 4901 1343 4937 ex
1384 4902 1482 4937 usu
1524 4887 1726 4957 vulgari
1765 4889 1933 4940 active
1973 4888 2188 4953 (confer
2223 4895 2330 4939 not.
2367 4886 2510 4951 41)),
2570 4886 2709 4954 quod
2761 4885 2844 4937 hie
2895 4886 3062 4936 minus
3100 4883 3332 4953 loquitur
3371 4882 3597 4952 Cyclops
3637 4884 3702 4935 de
3742 4881 3858 4935 cibo
3898 4898 3960 4933 ac

360 5053 369 5064 .
409 4966 619 5030 potione
657 4968 758 5020 sibi
797 4969 1042 5038 parandis
1083 4973 1249 5038 (qued
1288 4972 1462 5024 medio
1505 4974 2105 5042 si·gnificaretur)'quam
2143 4973 2211 5025 de
2249 4989 2411 5042 grege
2449 4971 2697 5026 curando.

3160 5077 3228 5129 2*
