4167 5517
2199 357 2238 428 ⁷

688 563 1193 631 παύσασθαι
1247 557 1368 642 (vs.
1415 556 1532 643 28)
1593 579 1817 623 summa
1877 579 2004 622 cum
2064 564 2352 642 gravitate
2406 566 2466 625 in
2521 563 2807 643 principio
2864 581 3067 624 versus
3123 563 3510 640 collocatum,
3578 565 3755 644 plane
3832 567 4001 627 utin
4070 618 4072 630 .

434 691 519 737 vs.
561 671 647 735 24
692 673 964 734 carminis
1012 667 1226 728 aeolici
1267 683 1454 745 nuper
1497 664 1733 727 detecti.
4071 674 4072 682 η

688 793 918 855 Iudicat
959 798 1259 870 praeterea
1303 785 1616 848 verborum
1661 787 1826 864 quasi
1871 788 2264 850 coacervatio.
2352 785 2548 847 Potuit
2592 787 2746 848 enim
2790 786 3049 848 breviter
3094 804 3553 847 commemorare
3598 807 3887 867 nunquam
3934 806 4003 848 se
4070 745 4072 771 Δ

415 901 650 981 puellae
696 915 818 957 esse
862 894 1102 956 oblitum.
1191 890 1309 951 Sed
1356 889 1607 950 dilatare
1648 890 1867 951 maluit.
1956 888 2151 963 Quare
2197 892 2543 952 seutentiam
2587 889 2903 970 triplicavit
2956 890 3073 950 hoc
3121 900 3327 969 pacto:
3403 892 3716 970 quiescere,
3785 892 4003 971 inquit,

427 1011 486 1065 et
527 1022 656 1063 cum
699 1006 752 1058 te
793 997 909 1057 vidi
953 1004 1005 1056 et
1030 1001 1237 1075 postea
1280 1001 1332 1054 et
1375 993 1457 1053 ad
1498 994 1643 1053 hunc
1682 1013 1856 1073 usqne
1900 993 2051 1054 diem
2093 993 2228 1055 inde
2271 996 2344 1056 ab
2388 996 2484 1055 illo
2530 1002 2777 1073 tempore
2820 1015 2935 1056 non
2969 1015 3226 1073 possum.
3247 991 3338 1075 ²⁹)
4071 989 4072 992 ’

698 1118 784 1178 Ac
828 1115 1093 1178 notabilis
1137 1124 1229 1177 est
1269 1115 1677 1175 inconcinnitas
1705 1112 2049 1192 verborum,
2097 1133 2266 1193 quam
2297 1117 2396 1176 vix
2427 1116 2757 1195 exprimere
2789 1116 3011 1196 poteris
3046 1113 3164 1174 alia
3196 1113 3417 1192 lingua.
3491 1114 3635 1175 Nam
3667 1133 3783 1175 non
3814 1115 3994 1176 modo

429 1224 674 1302 negatio
717 1222 872 1282 tertii
914 1219 1158 1281 membri
1206 1209 1431 1298 (οὐδὲ
1471 1218 1561 1280 τί
1599 1237 1717 1303 πα
1758 1215 1936 1299 νῦν)
1985 1221 2158 1279 etiam
2205 1218 2278 1279 ad
2324 1217 2729 1279 antecedentia
2776 1216 3266 1297 est-supplenda,
3332 1216 3438 1277 sed
3486 1220 3659 1278 etiam
3712 1236 3997 1298 praesens

435 1322 726 1406 δύναμαι
777 1322 1111 1385 duriuscule
1172 1323 1541 1399 coniungitur
1586 1339 1717 1381 cum
1763 1317 1984 1394 ἐςιδών
2025 1342 2109 1383 τυ
2154 1331 2214 1382 et
2256 1321 2369 1383 καὶ
2411 1311 2717 1405 ὕστερον,
2785 1321 2884 1381 ubi
2933 1330 3216 1401 expectas
3265 1312 3380 1382 οὐκ
3426 1318 3781 1404 ἐδυνάθην.
3872 1321 4000 1384 Nec

435 1432 631 1491 minus
673 1446 840 1507 quam
884 1429 1128 1506 negatio
1174 1424 1416 1485 voculae
1458 1426 1532 1486 τί
1572 1445 1678 1510 πα
1699 1423 1786 1507 ³⁰)
1833 1425 1906 1486 ad
1951 1428 2147 1506 priora
2192 1425 2451 1487 membra
2494 1425 2842 1486 referendae
2888 1421 3120 1506 suast).

687 1548 794 1610 His
837 1550 1019 1626 igitur
1064 1545 1345 1624 expositis
1389 1563 1527 1604 num
1570 1547 1792 1625 poteris
1836 1563 2059 1624 negare
2105 1548 2349 1625 egregia
2396 1555 2523 1606 arte
2565 1552 2801 1625 poetam
2849 1544 3091 1606 efficere
3134 1553 3198 1605 ut
3227 1553 3661 1606 asseverantem
3694 1545 3997 1607 audiamus

426 1670 683 1732 operose
730 1660 790 1712 et
837 1648 1010 1728 quasi
1055 1647 1306 1708 luctante
1351 1647 1610 1726 lingua?

681 1772 794 1847 Ac,
841 1788 914 1829 ne
954 1770 1068 1829 vim
1115 1769 1409 1830 clausulae
1455 1767 1728 1830 debilites
1774 1767 2029 1831 celerius
2073 1768 2536 1849 pronuntiando,
2582 1769 2870 1830 admoneo
2918 1772 2977 1830 in
3024 1788 3108 1831 vs.
3156 1766 3241 1829 29
3284 1767 3437 1849 ³post
3492 1760 3568 1830 οὗ
3622 1765 3810 1849 μέλει
3863 1787 4002 1830 esse

411 1875 824 1949 incidendum,
872 1892 984 1951 qua
1015 1871 1427 1953 pronuntiandi
1456 1874 1682 1933 ratione
1712 1890 1831 1933 non
1864 1873 2208 1952 prohibetur
2252 1875 2560 1952 quominus
2606 1872 2680 1933 ad
2725 1874 2970 1934 alterum
3017 1865 3093 1934 οὐ
3148 1876 3358 1934 iterum
3402 1869 3586 1953 μέλει
3634 1875 3998 1952 cogitatione

412 1978 785 2060 suppleatur.

688 2093 835 2172 Sed,
884 2113 958 2154 ne
1002 2094 1099 2155 hic
1142 2094 1422 2157 molestus
1467 2099 1606 2174 sim,
1653 2105 1717 2156 ut
1745 2093 2001 2177 Cyclops
2043 2105 2244 2157 noster
2274 2094 2584 2173 Galateae,
2631 2115 2783 2157 nunc
2826 2096 3127 2158 videamus
3176 2098 3441 2177 proxima
3488 2092 3636 2176 (vsS.
3682 2092 3992 2177 30—41).

682 2215 801 2292 Ac,
848 2216 898 2276 si
946 2217 1079 2293 quis
1124 2215 1391 2293 idyllium
1435 2220 1673 2293 recitat,
1720 2226 1855 2298 post
1897 2236 1986 2280 vs.
2030 2212 2119 2278 29
2163 2215 2463 2299 paululum
2509 2215 2899 2299 respiret³¹)‚
2955 2227 3019 2278 ut
3063 2211 3362 2279 auditores
3408 2216 3832 2297 Polyphemum
3881 2216 3999 2277 sibi

416 2321 644 2400 fingant
699 2321 1073 2381 meditantem
1128 2319 1227 2380 vel
1285 2318 1476 2381 fistula
1536 2330 1858 2383 canentem.
1950 2320 2095 2384 Nam
2151 2340 2307 2383 nunc
2361 2320 2655 2400 intellegit
2700 2318 2954 2402 Cyclops
3013 2341 3080 2382 se
3141 2324 3346 2403 respui
3406 2322 3481 2382 ob
3542 2321 3997 2398 deformitatem,

418 2441 596 2502 quam
642 2424 1004 2503 compensari
1051 2421 1189 2483 dicit
1233 2440 1361 2482 cum
1408 2421 1624 2484 divitiis
1670 2432 1789 2484 tum
1833 2434 1957 2485 arte
2003 2422 2119 2504 (vs.
2165 2420 2272 2487 39.
2317 2422 2428 2507 40)
2475 2424 2898 2504 voluntateque
2945 2421 3077 2506 (40.
3125 2422 3236 2506 41)
3285 2428 3528 2505 insigni.

682 2543 773 2603 Ac
817 2543 1086 2603 versibus
1133 2543 1368 2621 quidem
1412 2537 1693 2605 30—33

686 2662 1102 2740 Intellego,
1158 2666 1377 2742 inquit,
1444 2682 1570 2725 cur
1613 2685 1719 2727 me
1765 2665 2175 2747 despicias:
2244 2666 2662 2747 displicent
2708 2669 3016 2728 enimet
3062 2667 3556 2747 supercilium
3602 2666 3995 2728 horridum

424 2774 496 2826 et
540 2765 804 2827 oculus
850 2784 1038 2826 unus
1085 2776 1157 2825 et
1202 2784 1423 2827 nasus
1466 2768 1682 2830 latus.

687 2868 980 2930 Videntur
1026 2880 1223 2931 autem
1281 2879 1415 2931 ante
1462 2872 1667 2933 oculos
1714 2873 2060 2934 obversatae
2087 2861 2291 2935 'fuisse
2337 2874 2650 2936 Theocrito
2686 2878 2947 2953 picturae
2994 2873 3313 2954 quaedam,
3361 2883 3478 2933 tum
3524 2877 3808 2953 temporis
3859 2876 3992 2936 for-

423 2980 588 3032 tasse
619 2989 733 3031 non
763 2973 1158 3052 infrequentes
1191 2977 1250 3034 in
1282 2973 1485 3035 Sicilia
1532 2973 1693 3056 (vide
1725 2996 1874 3057 quae
1907 2975 2181 3038 admonui
2215 2986 2352 3037 nota
2388 2975 2439 3059 ³)
2453 2975 2500 3059 ).
2590 2977 2737 3038 Nam
2786 2977 3034 3037 dubitari
3082 2995 3198 3036 non
3245 2985 3439 3057 potest
3484 2979 3621 3054 quin
3663 2975 3991 3054 dithyram-

419 3073 519 3136 bis
566 3072 876 3133 Philoxeni
920 3086 977 3134 et
1019 3076 1313 3137 Timothei
1371 3096 1627 3157 persona
1677 3080 2025 3160 Polyphemi
2081 3079 2427 3161 pervulgata
2485 3083 2562 3142 sit
2616 3081 3003 3159 omnibusque
3062 3080 3237 3140 fuerit
3295 3081 3509 3139 suavis.
3597 3078 3689 3139 Ex
3732 3079 3989 3141 Homero
4071 3103 4072 3106 ¹

423 3185 619 3237 autem
667 3186 726 3237 et
767 3176 1026 3237 Hesiodo
1069 3180 1212 3240 nihil
1259 3183 1450 3261 potuit
1494 3179 1757 3261 depromi
1804 3186 1917 3243 nisi
1964 3181 2280 3263 descriptio
2326 3184 2473 3244 oculi
2514 3185 2698 3244 unius.
2789 3182 3006 3244 Verum
3050 3183 3470 3264 perlustremus
3516 3184 3631 3242 iam
3677 3183 3926 3261 singula.

693 3278 780 3338 Ac
822 3283 1070 3359 primum
1112 3284 1346 3361 quidem
1394 3284 1672 3345 notabilis
1714 3285 1945 3347 videtur
1989 3288 2272 3366 emphasis
2316 3305 2433 3366 qua

702 3401 788 3442 vs.
835 3378 912 3443 31
965 3402 1113 3445 voce
1159 3376 1407 3447 (ἕνεκα
1457 3388 1531 3449 ad
1577 3407 1991 3468 praegressum
2036 3392 2250 3462 τίνος
2296 3380 2662 3471 ὥνεκαθῖ)
2707 3392 3034 3468 respicitur.

683 3486 914 3548 Deinde
960 3487 1374 3551 dubitationem
1419 3493 1638 3572 poterit
1681 3510 1919 3553 movere
1962 3489 2211 3553 λασία
2257 3484 2628 3576 ὅφρύςθθ),
2675 3491 2832 3573 quod
2866 3494 3087 3573 optime
3117 3494 3360 3552 vertitur
3390 3485 3715 3573 bufdfige
3749 3486 3989 3574 &Iugetu

418 3585 636 3667 branc,
683 3600 746 3650 ut
787 3591 1118 3672 perspicies
1161 3594 1210 3653 si
1255 3594 1402 3655 alios
1445 3596 1614 3657 locos
1657 3598 2090 3677 comparaveris
2108 3593 2195 3676 84)
2252 3594 2353 3656 ubi
2408 3595 2565 3656 idem
2609 3596 2955 3657 adiectivum
3002 3595 3076 3656 de
3123 3613 3343 3673 quercu
3389 3602 3448 3653 et
3494 3593 3567 3654 de
3613 3595 3761 3654 silva
3807 3612 3988 3655 usur-

419 3702 619 3773 patum
664 3703 772 3755 est.

680 3798 809 3859 Jam
866 3817 954 3860 vs.
999 3795 1082 3860 31
1144 3800 1289 3861 ἐπὶ
1344 3801 1597 3862 παντὶ
1649 3798 1992 3883 μετώπῳ
2037 3834 2119 3846 -
2164 3805 2515 3863 τέταται
2571 3803 2765 3881 pingit
2818 3801 3196 3880 supercilium
3251 3798 3468 3861 cordae
3523 3801 3706 3859 instar
3751 3798 3822 3858 ab
3869 3817 3986 3859 una

419 3905 594 3979 parte
636 3901 842 3963 fiontis
885 3902 958 3963 ad
1004 3902 1248 3965 alteram
1292 3907 1591 3986 pertinens
1636 3901 1947 3985 (τέταται
1968 3903 2096 3987 35))
2144 3914 2204 3965 et
2244 3905 2387 3965 valli
2433 3905 2529 3965 vel
2573 3908 2786 3966 montis
2831 3906 3013 3965 instar
3058 3906 3119 3965 in
3164 3903 3355 3965 fronte
3402 3902 3619 3962 cubans
3665 3898 3809 3982 (ἐπὶ
3853 3919 3987 3963 cum

418 3999 622 4061 dativo
667 4003 1074 4087 coniunctum).

684 4103 830 4164 Tum
870 4126 958 4168 vs.
993 4106 1078 4170 32
1121 4112 1268 4190 μία
1311 4111 1531 4172 indicat
1568 4111 1952 4192 supercilium
1997 4120 2294 4173 extentum
2341 4128 2475 4172 esse
2517 4128 2635 4172 uno
2681 4118 2868 4171 tractu
2914 4110 2986 4171 ab
3035 4127 3175 4171 aure
3221 4108 3293 4168 ad
3339 4125 3538 4168 aurem
3580 4105 3745 4168 nullo
3794 4109 3989 4167 inter-

419 4205 579 4266 vallo
621 4210 992 4288 interposito.
1076 4212 1282 4293 Neque
1328 4215 1483 4275 enim
1526 4212 1922 4295 Polyphemus
1969 4225 2059 4277 est
2103 4210 2657 4296 ‹revomens-fl),
2706 4232 2837 4274 cum
2883 4213 3033 4273 duae
3082 4210 3385 4291 supercilii
3428 4219 3627 4291 partes
3672 4228 3789 4271 non
3835 4228 3991 4290 pos-

411 4307 544 4366 sint
587 4307 858 4373 discerni.

683 4412 808 4473 Jam
849 4410 1121 4499 μακρὰ
1163 4437 1276 4480 uno
1321 4419 1506 4481 verbo
1552 4423 1767 4500 repetit
1811 4421 1970 4501 quod
2014 4420 2192 4482 modo
2235 4419 2480 4481 vocibus
2523 4419 2593 4495 ἐξ
2635 4412 2798 4493 οὗτὸς
2840 4418 3004 4480 ποτὶ
3047 4406 3350 4501 θῶτερον
3381 4402 3462 4490 οἷς
3501 4434 3846 4497 expressum
3878 4425 3992 4497 est,

420 4519 488 4573 ut
531 4510 653 4574 loci
698 4521 982 4579 sententia
1025 4520 1230 4580 ultimo
1274 4541 1481 4585 versus
1525 4523 1815 4586 vocabulo
1861 4521 2291 4604 quodammodo
2335 4522 2884 4604 comprehendatur.

683 4615 957 4697 Denique
999 4623 1223 4704 aliquid
1272 4624 1580 4688 dicendum
1625 4628 1853 4689 videtur
1897 4627 1974 4688 de

631 4823 682 4888 ⁹)
735 4820 890 4877 Nullo
918 4834 1069 4891 pacto
1104 4837 1153 4879 et
1183 4847 1295 4881 cum
1331 4837 1376 4881 te
1411 4830 1514 4883 vidi
1546 4840 1591 4883 et
1617 4841 1789 4900 postea
1825 4841 1871 4884 et
1904 4849 2034 4884 nunc
2073 4842 2175 4891 cet.

632 4908 705 4977 ⁹⁹)
761 4911 902 4980 quod
940 4913 1210 4980 pulchrum
1248 4917 1538 4971 habebatur
1573 4920 1627 4971 in
1666 4920 1973 4990 virginibus.
