4167 5517
2116 343 2208 421 21.

390 581 445 634 υ,
653 554 763 638 ⁶1).
798 544 1262 632 ,Πλαταγώνια
1319 549 1549 614 ductum
1594 569 1629 611 a
1671 545 2037 631 πλαταγὼν
2091 550 2334 614 formam
2389 547 2625 620 exhibet
2683 548 3125 627 deminutivum,
3187 549 3356 610 cuius
3412 549 3472 609 in
3531 565 3597 609 re
3654 551 3933 612 amatoria

144 686 145 708 η
384 628 598 708 multus
653 658 796 703 usus
853 647 962 699 est.
1053 635 1175 698 Sed
1232 635 1376 700 folia
1430 639 1740 717 papaveris
1799 638 1885 700 sic
1938 636 2304 716 simpliciter·
2335 635 2476 698 dici.
2508 638 2696 696 minus
2740 632 3085 699 crediderim
3131 653 3300 714 quam
3346 653 3455 714 per
3498 637 3930 715 metonymiam,

144 717 149 832 Ρ
390 751 503 813 qua
549 728 610 794 id
659 726 814 808 quod
856 724 1115 786 efficitur
1160 722 1320 786 soliis
1364 726 1599 803 ponitur
1642 741 1750 803 pro
1796 721 1957 784 foliis
2001 725 2166 803 ipsis.
2256 720 2426 795 Quod
2456 723 2507 782 si
2537 720 2919 801 probaveris,
2960 720 3204 786 habebis
3233 720 3475 800 figuram
3522 739 3693 800 qnam
3737 721 3936 783 dicunt
4021 719 4024 796 Ι

144 837 145 902 ᾗ
390 817 814 972 οᾶεοωιέιῑᾰῖἷο
858 827 1068 887 causa,
1113 810 1281 889 qnasi
1322 811 1458 888 quis
1498 811 1837 888 germanice
1862 808 2040 876 :dicat
2079 802 2292 890 ffllobu·
2329 803 2441 873 mit
2468 802 2674 888 tethea
2702 802 3002 888 stlutfcben
3048 824 3122 868 ac
3162 824 3278 870 non
3321 802 3528 888 ffllobn
3571 804 3684 873 mit
3729 803 3936 890 rotbett

387 899 538 972 stlat
744 911 891 964 ,em
1470 932 1481 940 -
1978 935 1983 942 -
2018 929 2043 948 ··
2377 949 2382 958 .

143 935 159 1072 λ
539 896 614 985 fd)
654 982 762 1065 ⁶2).
811 983 918 1043 Hic
963 982 1241 1061 imprimis
1286 982 1682 1059 quaerendum
1732 989 1820 1041 est
1864 979 2003 1059 quid
2049 998 2081 1041 a
2128 998 2300 1042 versu
2343 981 2529 1060 possit
2580 978 2819 1054 abesse,
2889 978 3030 1057 quid
3084 995 3203 1041 non
3260 982 3464 1059 possit.
3553 978 3930 1042 Lectionibus

144 1111 149 1186 ι
390 1083 599 1150 amem,
629 1070 893 1144 codicum
937 1066 1296 1148 perlustratis
1346 1068 1404 1140 in
1447 1069 1777 1134 universum
1820 1076 2067 1150 *apparet
2111 1065 2428 1145 Cyclopem
2472 1065 2624 1128 velle
2673 1065 2900 1132 dicere:
2957 1063 3105 1128 Cum·
3146 1083 3257 1126 non
3289 1067 3399 1128 sim
3428 1067 3603 1145 piscis
3635 1066 3932 1142 (Triton),

391 1159 493 1220 ubi
539 1166 709 1217 nauta
753 1155 1050 1217 advenerit
1094 1152 1309 1213 discam
1358 1170 1472 1229 qua
1515 1157 1740 1213 ratione
1785 1152 1857 1212 ad
1903 1161 1961 1212 te
2008 1154 2362 1231 perveniam.

424 1299 447 1320 ,‚
540 1287 546 1298 .
653 1242 740 1306 Ac
784 1244 1025 1322 primum
1070 1237 1306 1317 quidem
1348 1256 1465 1300 non
1511 1255 1818 1319 possumus
1858 1255 2067 1307 ¹carere
2108 1257 2257 1304 voce
2302 1240 2500 1310 νεῖν,
2569 1255 2744 1315 super
2802 1254 2973 1314 quam
3028 1239 3188 1296 varia
3243 1236 3421 1302 lectio
3466 1233 3662 1298 πλεῖν
3707 1240 3926 1317 scripta

395 1338 483 1390 est
530 1331 591 1394 in
637 1329 841 1390 codice
884 1346 912 1387 s
959 1328 1101 1386 satis
1144 1326 1387 1384 recenti.
1432 1358 1514 1372 —-
1560 1325 1637 1385 At
1679 1322 2006 1401 navigando
2053 1333 2270 1394 tantum
2315 1322 2388 1390 ad
2419 1319 2714 1384 Galateam
2746 1339 3035 1401 nunquam
3066 1331 3261 1402 potest
3290 1325 3620 1401 pervenire.
3710 1322 3930 1384 Contra

392 1417 723 1490 necessaria
768 1423 856 1475 est
898 1432 994 1474 ars
1040 1410 1215 1471 nandi
1258 1418 1319 1470 et
1362 1410 1661 1487 urinandi,
1731 1429 1935 1490 quam,
2004 1428 2133 1470 cum
2179 1408 2466 1489 Cyclopes
2512 1409 2716 1469 fratres
2769 1427 2969 1469 omnes
3014 1410 3129 1468 sint
3172 1418 3435 1487 pastores
3483 1427 3551 1469 ac
3594 1419 3925 1488 venatores„

392 1504 502 1562 nisi
549 1500 618 1561 ab
665 1501 888 1561 advena
934 1495 1183 1577 quodam
1230 1496 1458 1558 discere
1504 1515 1618 1556 non
1665 1505 1876 1576 potest.
1968 1496 2266 1556 Advenire
2312 1505 2503 1555 autem
2548 1502 2780 1574 praeter
2824 1503 3026 1556 nautas
3057 1513 3243 1556 ¹nemo
3290 1503 3519 1574 potest,
3568 1505 3926 1575 quapropter

394 1583 677 1651 πλέων,
708 1587 931 1662 ξένος
970 1577 1132 1646 ,σὺν
1185 1580 1331 1643 ναῒ
1380 1578 1473 1661 (v.
1521 1580 1710 1662 infra)
1770 1585 2093 1643 rectissime
2136 1582 2362 1642 videtur
2405 1597 2471 1640 se
2515 1579 2752 1641 habere.
2844 1578 3198 1659 Quamquam
3242 1598 3357 1642 non
3403 1590 3671 1642 accurate
3717 1561 3926 1642 dicitur

356 1702 361 1708 ’
391 1676 529 1738 νεῖν
574 1690 680 1752 pro
726 1670 918 1732 nando
967 1678 1026 1731 et
1068 1668 1372 1729 urinando.
1463 1667 1580 1727 Sed
1627 1667 1911 1727 eiusmodi
1957 1667 2326 1744 synecdocha
2359 1674 2569 1746 poetae
2603 1665 2916 1745 Cyclopem
2951 1668 3289 1746 praesertim
3324 1667 3619 1728 inducenti
3654 1676 3741 1728 est
3772 1687 3926 1729 con-

395 1758 681 1836 donanda.
773 1757 861 1818 Ac
898 1772 1102 1832 ’verum
1149 1772 1383 1814 sensum
1430 1751 2092 1815 intellexitscholiasta-
2129 1771 2334 1814 recens
2381 1756 2479 1832 qui
2509 1751 2769 1831 explicat
2811 1748 3100 1814 πλέειν
3147 1750 3329 1833 (quod
3357 1772 3475 1814 non
3508 1762 3597 1813 est
3626 1756 3926 1832 navigare,

392 1845 752 1921 sedsscorpus
796 1849 1061 1920 tanquam
1105 1841 1388 1916 naviyiwm
1431 1858 1600 1916 super
1643 1859 1853 1919 aquam
1895 1847 2080 1899 tenere
2124 1847 2176 1898 et
2211 1837 2552 1917 yubernare)
2598 1836 2729 1898 καὶ
2774 1835 3211 1918 κολυμβᾶν,
3282 1840 3366 1900 sic
3411 1839 3690 1918 supplens
3735 1843 3927 1900 inter-

390 1933 779 2013 pretationem
824 1927 1033 1990 scbolii
1076 1927 1292 1988 veteris
1340 1926 1525 1985 minus
1569 1935 1889 1988 accuratam
1924 1930 2061 1986 νεῖν
2092 1915 2238 2006 ἤτοι
2265 1921 2621 2003 κολυμβᾶν.
2676 1957 2747 1970 -
2799 1925 3021 1986 Deinde
3063 1927 3340 2004 extirpari
3382 1943 3498 1988 non
3530 1935 3721 2004 potest
3747 1925 3924 1998 νῦν,

392 2036 522 2086 oum
567 2016 809 2080 somniis
855 2007 1330 2086 antecedentibus
1374 2029 1529 2074 nunc
1571 2023 1939 2090 opponantur
1995 2029 2133 2090 spes
2189 2011 2338 2080 haud
2398 2029 2601 2072 vanae.
2694 2009 2895 2088 Neque
2951 2020 3282 2091 corruptum
3337 2012 3563 2071 videtur
3617 2012 3927 2072 alterum

393 2100 538 2162 νῦν
576 2098 977 2176 ,asseverandi
1023 2099 1310 2179 propositi
1357 2099 1551 2162 causa‘
1600 2095 1721 2177 (Fr.
1769 2097 1860 2162 ed.
1909 2093 2069 2177 mai.)
2118 2099 2441 2177 repetitum.
2491 2131 2572 2144 -—
2617 2096 2876 2160 Eandem
2908 2097 2982 2156 ob
3016 2115 3246 2157 causam
3284 2115 3465 2175 aegre
3508 2098 3734 2157 carebis
3783 2115 3928 2176 par-

394 2186 568 2248 ticula
610 2179 767 2264 μὰν
814 2194 871 2246 et
914 2186 1181 2244 vocativo
1228 2180 1277 2241 ὦ
1304 2178 1543 2264 κόριον.
1593 2219 1673 2227 —-
1717 2183 2060 2244 Necessaria
2094 2182 2345 2261 denique
2380 2191 2468 2253 est
2499 2186 2659 2246 notio
2694 2183 2976 2261 discendi,
3022 2201 3171 2261 quae
3202 2185 3253 2242 si
3285 2183 3547 2259 abesset,
3596 2186 3923 2266 expectatio

390 2274 653 2349 advenae
698 2271 946 2348 alicuius
992 2267 1114 2350 (vs.
1161 2265 1286 2345 61)
1347 2272 1532 2329 otiosa
1588 2269 1756 2340 foret.
1833 2305 1916 2313 --
1990 2270 2073 2329 lta
2121 2269 2182 2328 iit
2227 2277 2288 2329 ut
2333 2271 2496 2348 optio
2541 2287 2656 2332 non
2703 2270 2906 2328 relicta
2950 2271 3026 2328 sit
3069 2271 3180 2330 nisi
3227 2270 3300 2329 de
3346 2268 3585 2330 vocibus
3631 2268 3715 2330 αὗ
3761 2265 3928 2349 τόγα

392 2357 485 2439 (nt
526 2358 704 2432 habet
745 2378 814 2432 κ,
859 2356 992 2417 vide
1030 2355 1288 2433 Ziegleri
1333 2354 1426 2415 ed.
1460 2355 1558 2435 11).
1618 2356 1726 2415 -At
1768 2374 1895 2416 cum
1942 2355 2196 2436 dubitem
2243 2374 2374 2416 num
2420 2345 2701 2434 αὖτόγα,
2750 2354 2903 2433 quod
2949 2354 3306 2415 Ribbeckius
3353 2374 3527 2430 ,nunc
3571 2356 3776 2434 ipsum‘
3823 2358 3928 2415 in-

390 2452 771 2522 terpretatur,
819 2439 1101 2504 Graecum
1132 2444 1237 2516 sit,
1285 2444 1569 2508 rationem
1601 2441 1873 2506 Ahreusii
1907 2445 2004 2520 qui
2050 2439 2148 2502 αὖ
2184 2436 2273 2506 τό
2319 2462 2409 2520 γα
2456 2444 2682 2519 recepit,
2724 2459 2855 2504 cum
2900 2443 2974 2500 sit
3018 2440 3319 2504 lenissima
3364 2441 3558 2501 malim
3604 2441 3923 2520 praeferre.

391 2529 537 2589 Tuni
580 2547 721 2589 vero
767 2528 1080 2589 alterum
1124 2549 1207 2606 γε
1250 2527 1388 2586 ferri
1436 2547 1550 2588 non
1598 2536 1820 2606 potest,
1891 2527 1994 2588 sed
2040 2529 2202 2606 prius
2245 2548 2329 2606 γα
2374 2530 2423 2587 si
2471 2528 2656 2588 minus
2701 2526 2927 2606 placeat
2969 2528 3031 2590 in
3088 2547 3157 2605 γε
3215 2530 3419 2588 mutari
3463 2527 3619 2588 licet.
3667 2562 3749 2571 —
3794 2527 3927 2586 Ve-

390 2634 517 2696 rum
571 2614 927 2684 Abrensiine
980 2611 1409 2691 paesium,
1458 2613 1740 2693 producto
1796 2635 1843 2673 α
1899 2632 1970 2686 an
2027 2612 2307 2680 Meinekii,
2358 2611 2895 2692 μεμαθεῦμαι,
2952 2609 3172 2675 scribas
3226 2622 3419 2692 potest
3475 2631 3607 2673 esse
3667 2612 3924 2673 dubium.

389 2702 584 2779 Atque.
627 2699 776 2778 illud
808 2693 1050 2779 ‚quidem
1097 2698 1399 2774 formatum
1444 2708 1534 2759 est
1580 2699 1649 2762 ad
1697 2699 2135 2781 similitudinem
2181 2699 2356 2772 futuri
2392 2696 2729 2775 ,λασεῦμαι
2776 2697 2930 2762 unde
2975 2693 3366 2776 λασεύμεθα
3412 2698 3510 2775 IV,
3555 2694 3640 2759 39
3685 2700 3919 2776 legitur.

658 2783 765 2866 ⁶⁸).
813 2784 1033 2846 Confer
1064 2783 1228 2844 Hom.
1258 2785 1320 2844 E
1354 2780 1482 2858 278
1525 2804 1686 2864 sqq:
1724 2784 1810 2846 Ἡ
1845 2780 2037 2865 μάλα,
2073 2776 2135 2843 ‹5’
2180 2777 2264 2845 οὐ·
2295 2780 2483 2864 ἱὁὶέλος
2528 2776 2653 2854 ὠκὺ
2701 2780 3126 2864 δαμάσσατο,
3172 2779 3398 2865 πικρὸς
3440 2776 3676 2856 ὀϊστός.
3764 2784 3928 2846 Νῦν

392 2858 571 2950 αὖτ’·
611 2870 818 2955 ἐγχείῃ
873 2866 1307 2954 πειρήσομαι,
1377 2864 1461 2932 αἴ
1504 2892 1576 2934 κε
1632 2866 1913 2950 τύχωμι,
1960 2906 2051 2918 —
2099 2871 2324 2940 :Aede
2367 2871 2546 2934 verbo
2590 2871 2898 2950 μαθεῖν
2943 2870 3098 2950 quod
3143 2870 3239 2930 hic
3282 2889 3411 2932 cum
3456 2871 3700 2932 articulo
3747 2866 3825 2931 τὸ
3874 2881 3935 2931 et

391 2958 686 3036 infinitivo
724 2960 1090 3036 coniungitur
1135 2956 1341 3026 confer
1384 2958 1575 3018 locum
1621 2957 2013 3037 Sophocleum
2060 2954 2339 3036 (Ai..554
2375 2955 2491 3037 sq.)
2540 2975 2572 3017 a
2616 2956 2919 3035 Kruegero
2965 2957 3009 3032 l,
3055 2951 3277 3033 56,.7,
3323 2952 3366 3017 9
3411 2956 3675 3017 allatum:
3723 2956 3793 3017 ἐν
3837 2955 3934 3037 τῷ

390 3046 661 3127 φρονεῖν
704 3037 826 3123 γὰρ
869 3040 1068 3123 μηδὲν
1111 3033 1373 3125 ἥδιστος
1407 3043 1566 3121 βίος,
1602 3042 1716 3115 ἕως
1751 3038 1829 3103 τὸ
1866 3045 2119 3124 χαίρειν
2156 3042 2274 3102 καὶ
2303 3041 2381 3104 τὸ
2418 3038 3061 3125 λυπεῖσθαιςμάθῃς.
3107 3076 3193 3086 -
3236 3042 3443 3120 Neque
3488 3044 3708 3115 ξένος
3754 3043 3934 3103 dubi-

388 3133 669 3210 tationem
703 3136 1222 3208 ⁷potest-movere,
1269 3148 1400 3192 cum
1444 3139 1604 3192 recte
1651 3138 1977 3209 opponatur
2018 3131 2154 3188 voci
2197 3120 2567 3210 αὐθιγενής.
2658 3128 3016 3207 Quamquam
3053 3128 3366 3191 secundum
3407 3130 3700 3196 civitatum
3741 3129 3933 3189 Grae-

391 3232 593 3294 carum
637 3215 1128 3288 conformationes
1171 3216 1500 3295 peculiares
1545 3217 1781 3294 saepius
1824 3216 1934 3280 hae
1978 3232 2156 3277 voces
2202 3226 2596 3294 opponuntur:
2642 3209 2940 3296 ἔνδημος,
2983 3211 3288 3295 πολίτης,
3336 3206 3553 3287 ἀστός.

486 3325 617 3380 -ψέι,
657 3313 993 3397 64).ε·8ο1υε’
1028 3303 1217 3378 codex
1261 3315 1563 3381 zlssfhahet
1606 3310 1780 3396 ποχ”,
1826 3328 1887 3379 ut
1931 3337 2047 3382 non
2095 3319 2356 3379 dubitem
2403 3320 2664 3378 scribere
2704 3310 2899 3391 ‹noe-’3
2948 3337 3061 3396 qua
3103 3336 3251 3377 voce
3282 3337 3490 3378 sensus
3521 3336 3637 3377 non
3666 3327 3933 3394 mutatur,

392 3408 558 3465 nitor
603 3412 790 3463 autem
837 3420 1039 3462 versus
1088 3414 1423 3481 exaugetur.
2034 3441 2035 3444 ,

584 3517 589 3524 '
634 3505 760 3586 Μ’).
806 3508 908 3567 Sic
933 3503 1317 3587 μεμνῆσθαι
1346 3525 1472 3568 cum
1503 3509 1786 3569 infinitivo
1819 3510 2190 3568 coniunctum
2225 3513 2281 3568 in
2313 3507 2418 3568 illo
2450 3507 2783 3586 Epicharmi
2815 3506 2986 3586 νᾶφε
3014 3508 3127 3567 καὶ
3153 3497 3433 3586 μέμνασ”
3465 3499 3780 3567 ἀπιστεῖν
3819 3517 3932 3568 cet.

653 3609 760 3691 ⁶⁶).
807 3611 942 3670 Dixi
988 3610 1101 3670 hoc
1148 3620 1384 3689 propter
1426 3610 1842 3689 Kiesslingium
1890 3612 2043 3671 male
2101 3620 2231 3670 ante
2265 3602 2406 3690 ἅμα
2450 3611 2678 3689 virgula
2713 3610 3080 3672 incidentem.
3172 3611 3260 3678 An
3309 3621 3572 3690 pastores
3618 3629 3732 3670 uno
3781 3621 3935 3671 tem-

395 3715 538 3775 pore
592 3706 653 3757 et
705 3706 948 3776 pascunt
1003 3704 1062 3755 et
1116 3695 1420 3772 mulgent?
1509 3697 1713 3776 Neque
1771 3697 2073 3760 offendere
2133 3698 2308 3757 debet
2366 3699 2535 3775 copia
2594 3714 2741 3773 quae
2801 3699 2952 3755 inest
3010 3699 3069 3755 in
3114 3696 3357 3756 vocibus
3417 3692 3536 3757 σὺν
3581 3696 3726 3774 ἐμὶν
3771 3687 3934 3776 ἅμα,

396 3778 937 3868 ᾳὶιᾷρῐιρ,ᾳυ3ε·ιοί
984 3784 1147 3856 cuius
1195 3782 1440 3840 maxime
1488 3779 1728 3843 interest
1774 3785 1944 3844 addat
1992 3775 2242 3862 pondus,
2334 3781 2421 3841 Ex
2459 3781 2741 3864 Cyclopis⁹
2773 3785 2928 3864 'enim
2976 3785 3262 3844 sententia
3310 3779 3585 3842 Galateae
3630 3787 3935 3861 permagni

395 3857 626 3946 opertet
674 3871 977 3930 ‘interesse'
1016 3865 1078 3928 u’t
1134 3885 1368 3946 semper
1422 3882 1541 3928 una·
1580 3869 1664 3928 'sit
1722 3887 1848 3929 cum
1910 3878 2174 3929 amatore
2233 3857 2347 3948 quo
2404 3865 2629 3952 facilius
2677 3866 2871 3946 puella
2917 3886 3178 3928 sororum
3226 3887 3329 3927 usu
3376 3877 3604 3928 assueta
3652 3871 3935 3945 ingratam

392 3954 543 4015 ferat
589 3953 975 4014 solitudinem.

661 4053 767 4135 ⁶⁷).
812 4058 895 4117 Ita
938 4058 1130 4118 locum
1178 4047 1437 4116 nostrum
1484 4055 1771 4116 intellexit
1816 4055 2320 4126 Wuestemannus.
2377 4089 2381 4096 ·

660 4158 768 4239 ⁶⁸).
817 4160 879 4218 Si
925 4163 1375 4242 interpretarere
1418 4162 1477 4222 in
1524 4159 1643 4218 dies
1687 4161 1904 4237 magia,
1950 4160 2341 4239 refragaretur
2384 4153 2634 4219 λεπτὸν
2678 4154 2908 4234 ἐόντα,
2963 4178 3067 4240 pro
3116 4178 3230 4240 quo
3277 4159 3733 4221 substituendum
3781 4174 3936 4224 esset

394 4243 637 4303 verbum
674 4245 1109 4321 *incohativum
1179 4246 1333 4325 quod
1382 4243 1677 4308 detexisse
1723 4263 1915 4323 neque
1959 4245 2202 4306 Reiskio
2247 4242 2697 4313 λεπτυνέοντα
2745 4264 2934 4323 neque
2980 4245 3272 4308 Meinekio
3318 4240 3735 4309 λεπτύνοντα
3780 4252 3936 4309 scri-

394 4329 563 4389 benti
609 4334 1014 4392 concesserim.
1104 4331 1244 4390 Nam
1290 4331 1437 4392 illud
1482 4334 1636 4391 omni
1684 4331 1796 4391 fide
1844 4330 2174 4396 destitutum
2223 4341 2311 4391 est
2355 4350 2547 4409 neque
2594 4350 2723 4392 cum
2768 4330 3184 4411 βαρυνοῦντα
3232 4329 3333 4412 (ΙΙ,
3362 4328 3452 4413 3),
3499 4335 3653 4412 quod
3687 4335 3934 4394 futurum

396 4423 490 4476 est
522 4420 842 4495 praesentis
871 4411 1210 4499 βαρύνειν,
1257 4409 1451 4495 potest
1480 4418 1837 4499 comparari,
1886 4415 1995 4477 boc
2031 4417 2146 4478 tlon
2179 4425 2266 4477 est
2307 4417 2638 4506 verisimile·
2673 4436 2800 4477 cum
2837 4413 3194 4478 ’λεπτύνειν
3239 4437 3469 4498 semper
3506 4439 3679 4481 sensu
3717 4424 3936 4481 transi-

397 4503 519 4560 tivo
565 4495 902 4579 usurpetur:
949 4504 1053 4564 ‘At
1097 4500 1276 4583 ἆμαρ
1322 4495 1428 4564 ἐπ’
1474 4502 1653 4586 ἆμαρ
1696 4504 1941 4564 vocibus
1988 4513 2147 4566 recte
2193 4503 2497 4583 explicatis
2543 4512 2699 4566 totus
2740 4521 2943 4568 versus
2987 4504 3311 4566 offensione
3345 4516 3550 4582 -vacat,
3600 4507 3756 4585 quo'd
3791 4527 3935 4586 per-

391 4589 593 4668 spexit
638 4585 1137 4649 Wuestemannus.
1210 4585 1295 4636 2—ss
1338 4587 1498 4649 ’Jam
1549 4609 1691 4650 vero
1749 4585 1808 4649 in
1864 4607 1952 4650 vs,
1996 4583 2804 4668 *sequentiWei-a'r'n'censeo
2850 4584 3110 4668 φλασῶ
3154 4593 3496 4669 scripturam
3543 4592 3709 4652 codd.
3757 4594 3814 4653 k.
3863 4594 3933 4669 D,

398 4671 611 4752 quibus
660 4672 999 4752 astipulatur
1042 4673 1429 4738 variadeseuu·
1467 4678 1524 4734 in
1571 4676 1640 4749 Q.
1732 4676 1934 4756 Neque
1980 4695 2154 4756 porro
2201 4685 2297 4737 aut
2342 4679 2628 4736 assentior
2655 4675 2975 4736 Fritzsebio
3024 4679 3122 4752 qui
3160 4675 3471 4755 Cyclopem
3520 4679 3684 4757 fingit
3732 4681 3933 4739 saevi-

393 4768 584 4820 turum
634 4762 690 4820 in
737 4747 973 4819 matrem
1018 4761 1356 4841 autprobo
1413 4761 1634 4840 φασῶ,
1705 4781 1856 4840 quae
1915 4763 2286 4844 interpolatio
2344 4763 2572 4822 videtur
2631 4778 2797 4835 esse,
2855 4779 3004 4837 quae
3050 4762 3284 4840 irrepsit
3330 4765 3386 4821 in
3435 4763 3603 4824 codd.
3651 4766 3932 4843 reliquos.

389 4844 540 4905 Nam
586 4849 635 4905 si
680 4846 1071 4925 Polyphemus
1114 4848 1233 4907 vult
1274 4848 1387 4906 vim
1435 4847 1643 4907 afferre
1687 4849 1827 4924 sibi,
1884 4846 1941 4908 id
1990 4848 2276 4908 credibile
2324 4859 2444 4924 est,
2502 4850 2550 4905 si
2597 4846 2704 4905 hac
2750 4865 2813 4905 re
2858 4848 3143 4906 minitatum
3188 4851 3351 4907 matri
3401 4858 3457 4909 et
3501 4851 3767 4929 puellae,
3816 4869 3930 4912 non

394 4931 741 5008 negabimus
774 4951 873 4992 eas
904 4931 975 4993 ad
1009 4932 1463 4993 misericordiam
1495 4936 1755 5013 potuisse
1787 4936 2146 5013 permoveri,
2167 4936 2318 5000 :atsi
2351 4938 2479 5014 ipse
2507 4931 2619 4991 sibi
2650 4931 2849 4990 suadet
2882 4942 2942 4991 ut
2970 4934 3149 4994 verba
3182 4933 3280 4993 det
3311 4934 3428 4994 illis
3461 4932 3727 5017 (φασῶ),
3763 4939 3931 4997 nimis
4023 5007 4024 5010 Ἴ
