4167 5517
122 3103 133 3258 -Ῠ
211 3153 215 3158 ,

124 4017 133 4328 l

2119 385 2202 453 11

392 600 574 662 malim
618 602 910 659 sarmenta
952 591 1051 653 vel
1096 592 1290 670 potius
1334 589 1618 667 ramalia,
1663 590 1883 669 quippe
1927 605 2079 667 quae
2124 589 2348 669 aptiora
2394 589 2509 648 sint
2552 587 2624 651 ad
2669 606 2832 650 usum
2877 576 3132 670 puellae.
3223 586 3426 664 Quid?
3504 584 3757 666 Cyclops
3803 584 3939 647 Ho-

389 706 631 766 mericus
676 717 874 761 nonne
929 698 1061 777 ipse
1118 693 1228 755 fert
1282 683 1559 774 οβριμον
1613 681 1827 773 αχθος
1879 681 2032 773 υλης
2088 682 2574 773 αζαλέης55)2
2649 724 2730 736 -
2803 693 2893 753 Ac
2934 694 2984 753 si
3030 710 3203 772 quem
3249 690 3490 753 offendit
3534 709 3622 752 vs.
3670 686 3756 752 53
3803 698 3940 771 post

358 808 633 869 animam
678 800 1122 865 commemorari
1165 795 1427 875 oculum,
1475 795 1730 857 attendat
1771 794 2176 875 gradationem
2221 811 2335 874 qua
2379 801 2554 876 poeta
2597 798 2794 858 utitur.
2883 797 3091 858 Anima
3139 798 3291 858 enim
3336 814 3454 857 non
3500 803 3700 877 potest
3748 795 3936 873 exuri,

383 919 578 992 potest
623 906 862 981 oculus,
911 905 1009 983 qui
1055 902 1284 982 quidem
1329 898 1576 980 Cyclopi
1623 897 1935 963 Homerico
1983 900 2242 962 exuritur
2259 895 2370 980 57).
2414 931 2501 944 -
2542 899 2672 961 Jam
2716 917 2858 962 cave
2901 900 3127 961 referas
3171 900 3310 963 καὶ
3352 908 3490 961 ante
3533 895 3665 961 τὰν
3707 897 3939 982 ψυχὰν

385 1014 642 1096 positum
687 1008 760 1069 ad
803 1007 917 1068 καὶ
960 1014 1092 1068 ante
1132 1000 1255 1068 τὸν
1297 995 1390 1065 ἔν’
1436 994 1796 1085 ὀφθαλμὸν
1839 1003 2222 1082 collocatum,
2266 1022 2343 1065 ne
2386 1002 2722 1065 obtrudatur
2750 1011 2961 1084 poetae
2994 1006 3303 1067 verborum
3334 1007 3687 1066 constructio
3720 1005 3937 1065 ieiuna.

383 1117 623 1179 Etenim
665 1111 777 1173 καὶ
822 1112 978 1193 prius
1020 1109 1271 1171 intendit
1314 1109 1824 1170 asseverationem.
1902 1140 1983 1155 -
2059 1108 2358 1188 Agedum,
2427 1124 2620 1169 nonne
2673 1107 3130 1169 misericordiam
3179 1118 3373 1170 movet
3418 1105 3669 1189 Cyclops
3712 1124 3800 1167 vs.
3848 1102 3940 1168 53

386 1238 510 1281 non
556 1216 872 1279 abhorrens
914 1214 988 1276 ab
1034 1216 1357 1275 amissione
1400 1212 1555 1275 oculi
1600 1212 1916 1288 carissimi,
1963 1230 2139 1291 quem
2183 1209 2402 1288 Ulyxes
2446 1209 2788 1272 Homericus
2833 1209 2922 1271 illi
2970 1211 3240 1273 exussit?

651 1319 929 1400 Exposuit
981 1320 1163 1397 igitur
1217 1313 1469 1396 Cyclops
1524 1333 1676 1395 quae
1732 1314 1970 1396 puellae
2025 1324 2192 1394 grata
2248 1314 2378 1375 sore
2433 1323 2647 1394 sperat.
2746 1314 2915 1376 Nunc
2969 1315 3268 1397 paululum
3327 1315 3591 1378 subsistit
3643 1326 3934 1395 cantuque

389 1426 618 1488 fistulae
659 1423 880 1485 relaxat
924 1425 1199 1483 animum.
1286 1418 1424 1481 Mox
1475 1428 1667 1481 tamen
1712 1417 1916 1480 incidit
1960 1421 2017 1479 ei
2061 1420 2322 1497 suspicio
2363 1418 2464 1478 vix
2507 1435 2643 1480 sese
2687 1434 2839 1496 quae
2886 1421 3139 1479 oraverit
3182 1421 3637 1500 impetraturum.
3727 1420 3935 1498 Itaque

392 1548 602 1591 canere
644 1530 842 1609 pergit
886 1542 1144 1607 querens
1196 1524 1350 1603 quod
1403 1525 1652 1605 piscium
1710 1530 1912 1584 natura
1968 1522 2081 1583 sibi
2141 1526 2217 1584 sit
2270 1522 2580 1599 denegata.
2672 1520 2854 1596 Quam
2912 1523 2961 1581 si
3019 1520 3296 1599 haberet,
3366 1521 3517 1584 dona
3574 1541 3641 1584 se
3697 1522 3937 1603 puellae

388 1632 630 1694 laturum
677 1649 812 1692 esse
858 1631 943 1689 ait
985 1627 1332 1705 gratissima.
1421 1625 1499 1687 At
1542 1625 1657 1687 hoc
1701 1643 1818 1687 non
1862 1625 2021 1687 licet.
2112 1625 2308 1700 Quare
2352 1625 2614 1687 decernit
2658 1643 2831 1705 quam
2874 1627 3120 1706 primum
3166 1627 3398 1688 discere
3443 1635 3628 1688 artem
3673 1625 3867 1688 nandi.

640 1734 779 1796 Vss.
811 1727 1104 1793 54—57.
1174 1729 1340 1792 Nunc
1367 1729 1653 1792 exclamat
1683 1727 1965 1810 Cyclops:
2023 1728 2253 1808 Eheu,
2300 1729 2490 1811 qnod
2534 1731 2693 1792 sine
2739 1729 3124 1791 branchiis
3169 1749 3273 1791 me
3318 1734 3620 1810 peperit
3664 1740 3854 1792 mate
3886 1748 3939 1791 r.

384 1839 952 1915 Submergerem
999 1837 1192 1896 enim
1236 1844 1305 1895 et
1348 1835 1594 1896 oculis
1639 1843 1857 1914 atque
1900 1833 2358 1895 munusculis
2405 1832 2846 1895 eblandirer
2891 1851 3230 1897 amorem.

645 1937 865 2000 Mavult
907 1940 1085 2017 igitur
1112 1937 1502 2017 Polyphemus
1546 1957 1614 2000 se
1657 1956 1791 1999 esse
1825 1939 2046 2015 piscem
2088 1937 2218 2015 vel,
2267 1946 2327 1998 ut
2370 1935 2711 1998 Germanice
2761 1939 3173 2016 interpretatus
3220 1947 3310 1999 est
3354 1937 3622 2000 Seumius
3639 1935 3749 2019 ⁶⁸),
3797 1936 3941 1997 Tri-

384 2057 608 2108 tonem.
697 2041 891 2116 Quare
937 2041 1124 2102 facete
1168 2040 1509 2102 Theocritus
1554 2041 1870 2102 declinavit
1915 2039 2167 2101 rabulam
2211 2040 2550 2119 Philoxeni,
2596 2043 2694 2120 qui
2726 2039 3042 2122 Cyclopem
3087 2041 3313 2102 induxit
3356 2042 3428 2103 ad
3462 2040 3756 2104 Galateam
3791 2043 3936 2102 mit-

389 2156 606 2209 tentem
651 2145 978 2226 dclphinos.
1028 2176 1109 2188 —
1163 2145 1250 2207 Ac
1292 2141 1647 2228 βράγχια
1691 2141 1925 2225 quidem
1971 2147 2306 2223 germanice
2349 2152 2481 2206 sunt
2523 2139 2860 2225 Riemen
2908 2145 3121 2224 quibus
3164 2148 3362 2225 pisces
3407 2164 3619 2226 aquam
3661 2146 3938 2208 hauriunt

386 2253 537 2311 sicut
579 2249 693 2311 alia
742 2248 1013 2311 animalia
1056 2247 1432 2329 pulmonibus
1475 2254 1672 2309 aerem
1691 2247 1800 2330 59).

646 2351 821 2413 Jam
804 2373 862 2414 ιιι
894 2371 979 2415 νε.
1011 2349 1098 2412 55
1128 2352 1202 2413 de
1231 2344 1323 2425 ὥς
1350 2369 1481 2413 cum
1513 2350 1825 2413 indicativo
1854 2352 2183 2433 imperfecti
2213 2354 2524 2414 coniuncto
2557 2352 2657 2432 qui
2690 2351 2945 2429 dubitat,
2994 2351 3264 2414 consulat
3292 2327 3696 2432 grammaticas
3739 2371 3930 2433 grae-

386 2474 489 2518 cas
535 2475 569 2517 a
615 2457 935 2521 Fritzschio
995 2455 1068 2517 ad
1110 2454 1275 2534 VIII,
1319 2450 1407 2516 86
1465 2452 1587 2535 (ed.
1632 2457 1766 2516 mai.
1813 2464 1873 2515 et
1915 2454 2080 2536 min.)
2137 2455 2419 2520 laudatas.
2506 2454 2736 2522 Etenim
2779 2473 2868 2517 vs.
2914 2398 3000 2516 54
3044 2456 3178 2517 loco
3226 2465 3314 2517 est
3358 2458 3611 2537 protasis
3658 2459 3938 2518 enuntiati

385 2558 845 2638 condicionalis,
890 2570 956 2621 ut
997 2561 1205 2620 mutari
1250 2561 1441 2639 possit
1484 2560 1544 2618 in
1590 2557 1836 2620 formam
1879 2559 2056 2620 hanc:
2103 2554 2175 2620 εἴ
2204 2552 2272 2639 μ’
2318 2557 2536 2622 ἔτεκεν
2583 2552 2618 2642 ἦ
2662 2554 2872 2644 μήτηρ
2917 2553 3173 2642 βράγχι*
3220 2557 3459 2640 ἔχοντα
3504 2560 3586 2643 (v.
3632 2563 3945 2625 Fritzschii

389 2665 482 2727 ed.
530 2667 664 2727 mai.
711 2664 910 2727 adnot.
956 2662 1028 2723 ad
1071 2681 1161 2722 vs.
1205 2659 1291 2723 56
1335 2660 1509 2744 extr.)
1554 2658 1922 2724 scmoevsdvv
1965 2662 2130 2725 ποτὶ
2171 2655 2378 2745 τίν’).
2425 2696 2504 2708 --
2550 2662 2768 2725 Verum
2813 2659 3087 2745 φιλεῖν
3130 2665 3227 2725 hic
3270 2673 3334 2726 ut
3375 2668 3611 2746 saepius
3643 2665 3944 2728 Theocri-

391 2778 481 2830 tus
523 2770 824 2851 usurpavit
871 2786 981 2849 pro
1025 2766 1337 2828 Homerico
1380 2771 1613 2828 κυνεΐν.
1659 2800 1747 2814 -
1788 2766 1946 2828 Ecce
1991 2778 2181 2829 autem
2230 2766 2480 2848 Cyclops
2523 2768 2646 2830 vult
2687 2786 2890 2830 manus
2934 2767 3185 2829 osculari
3231 2766 3537 2830 Galateael
3614 2769 3767 2845 Quid
3812 2771 3946 2833 ita‘?

393 2873 546 2949 Quia
586 2873 710 2933 vult
754 2890 1004 2934 exorare
1050 2870 1344 2932 dominam
1387 2879 1452 2931 ut
1496 2870 1727 2933 tandem
1773 2870 2065 2932 fastidium
2111 2872 2313 2932 mittat.
2403 2869 2523 2932 Sed
2568 2890 2675 2951 spe
2720 2872 2994 2952 abreptus
3039 2870 3316 2932 Galateae
3362 2872 3694 2954 exorandae
3740 2878 3944 2936 conti-

388 2995 508 3038 nuo
554 2975 659 3037 sed
704 2978 843 3037 satis
888 2974 1218 3037 dubitanter
1259 2973 1451 3036 addit:
1497 2971 1589 3036 al
1624 2969 1723 3056 μὴ
1767 2968 1859 3035 τὸ
1904 2969 2169 3055 στόμα
2212 2970 2361 3059 λῇς.
2429 2972 2573 3034 Τιιιιι
2619 2975 2774 3035 enim
2816 2974 2969 3036 haud
3015 2994 3081 3037 re
3124 2974 3340 3036 infecta
3376 2975 3670 3038 rediisset.
3742 2977 3941 3052 Quare

389 3082 442 3141 si
487 3096 723 3141 carmen
769 3081 1005 3157 recitas,
1073 3078 1349 3140 submitte
1404 3095 1613 3139 vocem
1657 3080 1719 3139 iu
1762 3076 1878 3139 hoc
1921 3077 2290 3140 hemistichio
2334 3095 2452 3157 quo
2496 3076 2705 3139 melius
2748 3087 3031 3158 appareat
3071 3086 3274 3138 natura
3319 3080 3706 3160 parenthesis,
3795 3081 3941 3143 Inde

391 3183 725 3263 explicatur
769 3182 946 3244 etiam
990 3180 1120 3267 λῇς
1148 3183 1533 3261 indicativus,
1577 3183 1677 3261 qui
1721 3184 1948 3262 positus
1995 3191 2084 3243 est
2128 3184 2292 3260 quasi
2336 3184 2726 3263 praecesserit
2767 3177 3021 3264 φιλήσω
3054 3190 3166 3242 cet.
3187 3180 3297 3263 50).
3384 3181 3462 3243 Ut
3503 3183 3677 3244 modo
3723 3181 3947 3248 ἔτεκεν

388 3288 472 3347 ita
518 3303 675 3347 nunc
718 3281 813 3368 Rq>
829 3305 1019 3369 ερον
1063 3286 1275 3366 pendet
1318 3303 1395 3346 ex
1437 3285 1724 3365 particula
1768 3284 1928 3347 finali
1973 3277 2073 3358 ὥς.
2147 3319 2234 3331 -
2305 3286 2397 3347 Ac
2453 3304 2582 3346 cum
2637 3305 2745 3346 usu
2788 3287 3025 3366 poe‘tico
3067 3285 3165 3347 vel
3210 3285 3480 3367 populari
3537 3289 3638 3367 qui
3684 3289 3839 3349 inest
3883 3292 3944 3350 in

386 3390 634 3451 vocibus
676 3386 915 3474 κρινὰ
959 3386 1205 3452 λευκὰ
1250 3407 1526 3473 compara
1569 3398 1827 3451 nostrum
1873 3386 1983 3455 bie
2026 3385 2235 3471 rothe
2279 3386 2499 3471 ffiofe,
2547 3388 2660 3452 alia
2704 3390 2763 3451 id
2808 3407 3016 3470 genus.
3063 3423 3145 3434 —
3190 3390 3318 3451 Jam
3361 3409 3505 3453 vero
3553 3410 3629 3453 ne
3658 3392 3773 3454 hoc
3802 3396 3946 3473 qui-

388 3493 527 3555 dem
568 3493 702 3556 loco
749 3491 989 3574 (confer
1029 3511 1148 3556 νεε.
1179 3491 1282 3558 40.
1313 3492 1425 3577 41)
1473 3493 1831 3576 persuadere
1875 3493 2015 3555 mihi
2061 3511 2297 3574 possum
2342 3492 2714 3555 Theocritum
2761 3493 2998 3555 fortuito
3044 3510 3503 3555 commemorare
3546 3495 3667 3556 lilia
3710 3517 3782 3558 ac
3813 3518 3945 3577 pa-

380 3615 639 3675 pavera,
684 3615 1032 3678 quamquam
1079 3596 1154 3659 de
1196 3598 1337 3659 liliis
1380 3616 1497 3659 non
1542 3615 1828 3677 assequor
1869 3603 2080 3677 poetae
2127 3595 2432 3659 consilium
2445 3594 2573 3677 ff).
2651 3598 2727 3658 At
2770 3597 2845 3658 de
2888 3613 3182 3677 papavere
3225 3615 3349 3660 rem
3396 3599 3712 3680 explanant
3756 3601 3946 3662 scho-

392 3697 490 3759 lia.
579 3699 861 3762 Solebant
904 3703 1063 3761 enim
1109 3708 1400 3762 amatores
1453 3702 1514 3762 in
1557 3720 1729 3762 manu
1785 3708 2101 3781 percutere
2155 3700 2297 3761 folia
2351 3703 2662 3782 papaveris
2716 3698 2898 3781 (unde
2953 3696 3494 3785 πλαταγώνιαΜ)
3551 3702 3704 3764 dicta
3759 3702 3944 3786 sunt),

397 3817 547 3879 quae
589 3805 640 3863 si
683 3806 1143 3884 crepitaverant,
1191 3806 1404 3882 amari,
1449 3806 1541 3866 sin
1586 3806 1806 3882 minus,
1851 3804 2147 3885 repudiari
2193 3823 2260 3866 se
2303 3804 2767 3881 cognoscebant.

658 3907 783 3968 Jam
830 3910 931 3988 qni
960 3917 1288 3989 sequuntur
1315 3926 1523 3970 versus
1548 3904 1635 3970 58
1666 3917 1725 3970 et
1750 3905 1871 3986 59,
1914 3909 2095 3969 verba
2139 3910 2191 3970 si
2236 3916 2496 3990 spectas,
2542 3916 2672 3970 arte
2712 3908 2979 3971 videntur
3021 3926 3150 3971 cum
3192 3911 3671 3974 antecedentibus
3717 3913 3944 3976 cohae-

389 4023 563 4083 rere,
621 4009 671 4067 si
713 4027 835 4071 rem
876 4012 1163 4089 attendis,
1219 4011 1295 4073 ad
1339 4014 1606 4094 proxima
1649 4012 1861 4074 referri
1906 4021 2170 4094 possunt.
2271 4009 2416 4073 Nam
2461 4011 2774 4074 ostendunt
2818 4031 2931 4093 qua
2975 4016 3201 4075 ratione
3244 4016 3305 4075 in
3347 4014 3709 4095 Polyphemo
3754 4027 3943 4080 ortum

391 4112 469 4170 sit
512 4111 783 4172 insanum
826 4114 1132 4176 consilium
1179 4114 1615 4195 submergendi.
1703 4114 1969 4194 Etenim,
2013 4125 2321 4196 postquam
2365 4117 2668 4197 perspexit
2708 4135 2818 4197 per
2860 4119 2997 4178 anni
3041 4127 3270 4198 tempus
3314 4135 3431 4178 non
3475 4118 3591 4180 sibi
3625 4118 3810 4184 licere
3844 4134 3947 4187 aut

394 4209 514 4270 hoc
555 4222 653 4274 aut
697 4213 847 4276 illud
890 4214 1045 4278 ferre
1087 4228 1209 4292 (νε.
1253 4215 1407 4296 58),
1474 4236 1625 4280 ιιιιιιο
1680 4218 1915 4281 tandem
1970 4218 2265 4298 intellegit
2321 4220 2555 4280 omnino
2610 4237 2730 4280 non
2783 4238 2961 4301 posse
3021 4220 3148 4281 fieri
3194 4229 3257 4282 ut
3301 4239 3557 4302 unquam
3601 4222 3944 4288 alterutrum

394 4312 554 4377 serat
593 4321 682 4391 (v.
722 4315 862 4393 59).
939 4318 1335 4402 Submergere
1380 4326 1536 4386 enim
1578 4324 1693 4385 nisi
1737 4342 1962 4385 summo
2005 4327 2210 4386 mortis
2254 4321 2518 4404 periculo
2563 4340 2681 4384 non
2726 4332 2936 4405 potest.
3004 4323 3207 4404 Itaque
3237 4325 3410 4387 nandi
3440 4337 3624 4389 artem
3654 4331 3774 4402 (vs.
3798 4325 3944 4410 60),

391 4420 495 4482 ubi
557 4422 804 4502 primum
859 4431 1035 4487 nauta
1094 4424 1391 4489 advenerit
1445 4432 1565 4504 (vs.
1609 4423 1764 4506 61),
1831 4427 2061 4489 discere
2118 4426 2397 4489 decernit.
2487 4425 2711 4506 Quare,
2781 4445 3126 4508 quamquam
3178 4448 3352 4510 supra
3395 4451 3516 4494 vss.
3562 4430 3648 4495 54
3673 4465 3754 4477 —
3777 4430 3864 4495 59
3908 4454 3945 4497 ιι

390 4541 511 4586 νεε.
556 4519 842 4586 60-62
893 4529 1156 4606 seiunxi,
1213 4527 1309 4590 hic
1364 4549 1482 4594 vss.
1528 4526 1810 4592 58-62
1853 4528 2214 4610 complectar
2274 4539 2338 4592 ut
2380 4533 2569 4611 magis
2614 4540 2891 4613 appareat
2934 4551 3118 4593 nexus
3163 4537 3598 4599 sententiarum.
3710 4535 3940 4619 Neque,

387 4628 442 4689 si
488 4630 585 4690 cui
630 4645 806 4708 quam
850 4647 1021 4711 supra
1065 4631 1319 4694 indicavi
1349 4651 1714 4697 numerorum
1742 4637 1890 4698 ratio
1922 4634 2230 4718 displiceat
2271 4630 2585 4709 (54—-62
2609 4631 2761 4696 =6
2789 4645 2861 4701 -l-
2889 4630 3000 4714 3),
3046 4636 3399 4701 dissuadebo
3432 4638 3613 4701 hanc:
3660 4637 3943 4704 54—62

624 4867 675 4936 ')
717 4869 878 4925 Deest
911 4871 1168 4940 particula
1202 4873 1545 4943 hypothetica
1582 4882 1704 4942 post
1749 4850 1832 4934 ὦς
1869 4882 1927 4926 ut
1961 4890 2333 4944 nonnunquam
2367 4876 2422 4928 in
2459 4874 2679 4943 apodosi
2714 4875 3086 4938 condicionali.

602 4952 674 5023 ”J
713 4957 818 5011 Sed
841 4959 942 5013 hae
967 4975 1055 5013 res
1079 4977 1275 5029 parvae
1300 4970 1420 5016 sunt
1440 4975 1615 5030 neque
1639 4961 1830 5031 dignae
1856 4961 2044 5031 quibus
2071 4977 2373 5031 corrumpas
2396 4961 2491 5014 tibi
2516 4977 2671 5031 quam
2693 4963 2971 5032 percipere
2997 4974 3149 5033 potes
3174 4980 3241 5019 ex
3264 4965 3368 5019 hoc
3391 4966 3576 5036 idyllio
3602 4969 3941 5038 voluptatem.
