4167 5517
2219 339 2262 410 3

453 558 789 640 Polyphemi
834 555 1031 616 dedita
1078 569 1262 632 opera
1306 548 1568 610 conditas
1614 565 1749 608 esse
1794 545 2172 625 incultiores,
2219 549 2312 607 cui
2358 546 2593 627 quidem
2638 550 3015 611 coniecturae
3057 566 3176 610 non
3219 539 3461 636 possum
3489 551 3778 611 assentiri.
3845 547 4004 610 Ete-

456 669 573 728 nim
613 662 982 741 stropharum
1025 656 1125 717 vel
1169 654 1561 733 inaequalium
1606 670 1742 713 usus
1786 654 1964 713 animi
2019 649 2311 731 quandam
2378 651 2520 713 mihi
2574 650 2804 714 videtur
2858 651 3192 716 desiderare
3250 652 3758 733 tranquillitatem,
3829 662 3894 714 ut
3948 657 4011 716 iu

453 766 675 847 idylliis
719 763 1017 826 Theocriti
1060 759 1421 835 amoebaeis,
1468 767 1567 819 aut
1612 757 1828 817 furoris
1873 757 2040 836 quasi
2088 758 2506 833 constantiam,
2553 764 2617 817 ut
2661 758 2722 817 in
2766 756 3231 837 pharmaceutria
3276 753 3381 838 (id.
3414 755 3493 839 ΙΙ)
3538 775 3727 837 usque
3760 756 3833 818 ad
3862 776 4009 819 ver-

448 891 581 935 sum
615 865 772 943 142,
817 868 918 926 ubi
962 863 1251 926 Simaetha
1296 861 1699 924 vehementius
1745 869 2033 922 commota
2077 879 2214 920 mox
2256 860 2624 940 stropharum
2666 861 2904 922 vincula
2948 864 3180 942 rumpit.
3270 860 3346 922 Et
3389 859 3644 943 Cyclops
3688 860 4010 941 perturba-

451 985 546 1037 tur
591 975 737 1035 satis
782 970 1167 1030 vehementer.
1259 966 1452 1042 Quare
1500 966 1837 1043 negaverim
1887 964 2024 1025 huic
2079 964 2349 1045 strophas
2405 982 2539 1024 esse
2595 971 2793 1044 aptas,
2862 963 2968 1027 sed
3025 965 3278 1027 admiror
3333 973 3545 1046 poetae
3613 965 4014 1046 subtilitatem,

453 1099 575 1160 qua
613 1073 873 1152 singulas
914 1075 1179 1135 carminis
1209 1080 1406 1152 partes
1435 1068 1666 1129 videtur
1696 1077 2090 1148 pertractasse
2135 1087 2211 1130 ne
2255 1078 2352 1130 aut
2383 1070 2555 1130 nimis
2590 1077 3003 1130 excrescerent
3032 1079 3130 1130 aut
3164 1080 3365 1131 essent
3394 1069 3701 1131 admodum
3733 1070 4030 1151 pusillae-

717 1181 920 1261 Neque
970 1197 1114 1239 vero
1166 1179 1396 1238 minore
1452 1171 1748 1252 elegantia
1813 1174 2055 1234 variavit
2121 1177 2332 1253 opinor
2405 1172 2749 1250 dialectum,
2830 1175 3053 1253 quippe
3109 1193 3261 1254 quae
3322 1192 3439 1235 non
3499 1174 3707 1235 eadem
3763 1177 3841 1235 sit
3895 1194 4030 1256 per¹

460 1283 725 1362 idyllium
770 1294 942 1344 totum
991 1279 1073 1363 (v.
1119 1279 1500 1342 Fritzschium
1543 1276 1570 1337 l
1613 1296 1672 1358 p.
1718 1272 1894 1357 342).
1986 1276 2275 1338 Praefatio
2323 1277 2479 1337 enim
2525 1272 2638 1357 (vs.
2677 1272 2937 1359 1—18)
2984 1286 3043 1338 et
3089 1278 3363 1358 epilogus
3409 1274 3521 1358 (vs.
3553 1274 3657 1338 80.
3692 1273 3827 1361 81),
3878 1297 4012 1340 cum

452 1388 640 1449 verba
682 1390 793 1448 sint
833 1388 1129 1448 Theocriti
1175 1385 1358 1463 ipsius
1403 1382 1476 1442 ad
1522 1384 1767 1442 amicum
1809 1383 2058 1460 scripta,
2105 1390 2340 1460 praeter
2371 1381 2673 1442 Dorismos
2720 1380 3056 1442 lenissimos
3095 1390 3156 1442 et
3183 1383 3589 1444 usitatissimos
3619 1383 3763 1443 nihil
3792 1381 4015 1445 habent

457 1490 760 1553 admodum
813 1493 1036 1551 rustici.
1128 1485 1469 1567 Polyphemi
1523 1496 1713 1547 autem
1759 1488 2014 1547 carmine
2059 1503 2190 1548 cum
2235 1486 2454 1565 ubique
2500 1484 2628 1546 fere
2673 1492 2849 1565 poe’ta
2896 1489 3182 1566 exprimat
3225 1504 3565 1576 sermonem·
3603 1479 4010 1566 agrestiorem,

450 1594 750 1656 Dorismos
794 1594 1027 1655 admisit
1073 1591 1353 1653 duriores.
1442 1589 1561 1652 Sed
1606 1590 1755 1652 haec
1799 1590 2080 1651 hactenus
2099 1586 2174 1670 ⁶).
2264 1585 2428 1649 Nunc
2469 1587 2769 1650 videamus
2814 1590 3064 1668 singula.

715 1995 911 2086 Atque
954 2008 1293 2084 inscriptum
1337 2003 1568 2083 quidem
1616 2012 1705 2064 est
1748 2003 2013 2081 idyllium
2072 2006 2132 2064 in
2189 2003 2358 2065 libris
2417 2004 2939 2085 praestantioribus
2984 1999 3274 2088 Κύκλωψ
3317 2009 3536 2087 pariter
3580 2016 3754 2087 atque
3796 2007 4019 2070 Philo-

452 2113 597 2173 xeni
642 2119 701 2171 et
745 2109 1029 2169 Timothei
1076 2106 1421 2185 dithyrambi
1466 2106 1878 2187 Euripidisque
1926 2107 2121 2168 rabula
2152 2111 2400 2186 satyrica
2448 2110 2723 2189 inscripta
2753 2118 2907 2172 sunt.
2994 2108 3286 2188 Equidem
3316 2110 3549 2171 mallem
3579 2107 4010 2194 Πολύφαμον,

450 2213 559 2277 sed
606 2216 721 2274 iam
764 2213 1052 2273 Homerus
1097 2211 1523 2291 Polyphemum
1568 2209 1830 2291 appellat
1871 2209 2188 2292 Cyclopem
2208 2210 2283 2294 ὅ).

713 2316 841 2377 Jam
884 2335 1001 2377 vss.
1056 2311 1241 2375 1-6
1285 2333 1475 2375 nexus
1521 2316 1938 2376 sententiarum
1985 2323 2076 2377 est
2120 2315 2245 2377 hic:

715 2419 993 2499 Musae,
1038 2423 1227 2499 inquit
1270 2426 1476 2499 poeta,
1538 2438 1750 2480 unum
1796 2427 1962 2481 sunt
2004 2419 2409 2508 remedium
2457 2422 2713 2482 amoris
2759 2419 3097 2500 idemque
3141 2420 3312 2482 lene
3358 2440 3437 2482 ac
3480 2440 3706 2483 suave
3750 2441 4000 2502 neque

447 2535 689 2587 tamen
760 2525 990 2585 facile
1061 2523 1143 2584 ad
1201 2522 1748 2604 reperiendum.
1863 2522 2026 2584 Tibi
2096 2542 2273 2584 vero
2342 2523 2620 2585 medico
2693 2522 2878 2605 nota}
2932 2534 3097 2585 sunt
3158 2524 3573 2586 morborum
3631 2528 4006 2606 remedia,

451 2633 684 2694 amori
732 2628 1013 2688 mederi
1060 2630 1328 2687 nescis,
1420 2626 1508 2686 At
1552 2626 1808 2687 favent
1852 2626 2001 2686 tibi
2045 2625 2319 2706 Musae,
2366 2647 2505 2710 qua
2538 2649 2570 2689 e
2615 2630 2897 2691 mederi
2945 2628 3066 2690 illi
3111 2639 3442 2709 possunt.

711 2730 1127 2793 Remediorum
1183 2740 1372 2790 autem
1418 2749 1568 2809 quae
1613 2739 1817 2791 sanent
1862 2730 2098 2791 morbos
2144 2751 2337 2812 neque
2382 2750 2640 2818 amorem
2686 2732 2802 2793 duo
2849 2730 2961 2814 (νε.
3010 2729 3077 2813 2)
3126 2744 3539 2794 commemorat
3582 2751 3839 2812 genera:
3910 2729 4006 2813 ἔγ-

462 2850 732 2918 χριστα,
776 2838 815 2897 i.
851 2854 903 2896 e.
949 2843 1246 2913 unguenta
1294 2833 1505 2913 quibus
1549 2835 1787 2895 vulnera
1832 2834 2168 2913 illinuntur,
2215 2846 2275 2896 et
2317 2837 2706 2910 ἐπίπαστα,
2753 2839 2792 2898 i.
2827 2856 2879 2897 e.
2927 2835 3200 2917 pulveres
3247 2838 3346 2916 qui
3389 2835 3733 2897 vulneribus
3768 2840 4030 2917 insper-

463 2948 709 3018 guntur,
751 2940 928 2999 veluti
972 2957 1175 2999 aurum
1222 2937 1477 2998 limando
1523 2943 1932 2999 comminutum
1978 2941 2280 3017 sanguinis
2327 2941 2669 3018 effusionem
2715 2940 3023 3021 putabatur
3067 2941 3347 3001 cohibere
3365 2936 3442 3022 ⁷).

726 3039 888 3114 Quae
933 3041 1044 3102 duo
1089 3040 1479 3102 remediorum
1522 3061 1743 3121 genera
1788 3061 1916 3103 cum
1961 3045 2243 3123 imprimis
2289 3042 2545 3105 adhibita
2589 3047 2703 3105 sint
2758 3044 2831 3104 ad
2877 3043 3127 3106 curanda
3171 3044 3444 3121 vulnera,
3513 3063 3634 3104 non
3691 3046 3819 3105 sine
3879 3049 4013 3106 ioco

460 3144 717 3225 quodam
760 3154 1059 3208 asseverat
1099 3153 1277 3227 poeta
1323 3149 1540 3206 amoris
1582 3146 1790 3206 vulnus
1836 3143 1941 3227 (cr.
1987 3166 2073 3208 vs.
2127 3144 2205 3207 15
2249 3142 2453 3227 ἑἎκος)
2499 3147 2590 3209 bis
2634 3167 2751 3209 non
2794 3166 2974 3229 posse
3017 3151 3208 3209 sanari
3231 3147 3305 3229 ⁸).

724 3249 831 3313 Vs.
874 3245 915 3308 2
962 3269 1079 3309 ουτ
1075 3240 1340 3311 ’--οὕὸ“’
1386 3268 1503 3310 non
1549 3248 1725 3310 debet
1769 3250 2069 3312 offendere
2116 3252 2174 3310 in
2220 3248 2478 3332 poeta9).

727 3350 830 3413 Vs,
877 3348 938 3412 3.
1027 3350 1363 3414 Remedlum
1419 3352 1626 3414 dicitur
1680 3352 1925 3435 κοῦφον
1979 3356 2049 3416 ob
2089 3355 2328 3432 facilem
2383 3375 2545 3415 usum
2597 3356 2825 3415 minime
2882 3355 3103 3416 dolores
3156 3362 3585 3416 commoventem
3645 3352 4012 3436 (germanice

458 3449 858 3537 fffimergloss),
926 3457 1076 3516 sicut
1120 3456 1293 3515 simili
1337 3476 1513 3518 sensu
1556 3455 1744 3534 XVII,
1803 3455 1888 3519 52
1930 3461 2242 3541 μέριμναι
2287 3457 2555 3519 dicuntur
2597 3456 2840 3542 κοῦφαι
2884 3461 2923 3520 i.
2971 3477 3024 3520 e.
3071 3477 3188 3519 non
3234 3458 3542 3519 admodum
3586 3458 3658 3519 ad
3704 3459 4009 3521 ferendum

462 3557 856 3641 difficilesw).
947 3557 1031 3619 Ita
1077 3567 1138 3619 ut
1183 3567 1421 3621 statuam
1468 3581 1540 3623 eo
1585 3565 1772 3641 magis
1818 3580 2094 3639 moveor,
2142 3561 2298 3640 quod
2342 3581 2473 3623 mea
2515 3565 2997 3644 interpretatione
3041 3562 3285 3644 probata
3330 3564 3388 3622 in

722 3655 1207 3745 κοῦφον-ἁδὺ
1253 3663 1530 3725 babemus
1575 3666 1976 3745 gradationem
2024 3664 2342 3745 quandam,
2397 3675 2461 3726 ut
2505 3665 2661 3728 dicat
2703 3673 2878 3747 poeta
2924 3667 3181 3728 adhiberi
3222 3667 3287 3727 id
3325 3666 3635 3727 remedium
3677 3687 3792 3727 non
3835 3667 4003 3728 modo

468 3769 586 3828 aine
630 3768 822 3829 dolore
866 3768 971 3827 sed
1013 3789 1137 3827 cum
1181 3767 1478 3844 voluptate.
3257 3845 3261 3852 .

722 3872 827 3933 Vs,
875 3869 917 3931 4
959 3864 1178 3952 γίνετ’.
1270 3871 1359 3932 De
1415 3871 1843 3950 significatione
1899 3876 2105 3936 confer
2163 3893 2248 3936 ve.
2294 3870 2381 3935 58
2422 3875 2676 3954 γίνεται
2729 3892 2908 3935 sensu
2964 3873 3205 3953 proprio
3260 3884 3595 3953 usurpatum
3647 3871 3721 3932 de
3767 3872 4009 3935 floribus

468 3974 568 4053 qui
626 3978 971 4053 proveniunt
1028 3974 1234 4058 (radix
1277 3973 1445 4057 γεν).
1546 3976 1754 4054 Neque
1811 3987 2002 4039 tamen
2055 3979 2368 4059 γίνεσθαι
2426 3975 2537 4057 (vs.
2583 3975 2650 4059 4)
2709 3987 2950 4057 propter
2992 3967 3101 4037 ἐπ’
3148 3967 3533 4059 ἀνθρώποις
3578 3975 3786 4037 eodem
3831 3977 4008 4039 modo

459 4077 617 4137 verti
664 4085 858 4156 potest
901 4097 1013 4157 quo
1056 4099 1142 4142 vs.
1188 4075 1304 4156 58,
1363 4097 1495 4140 cum
1541 4083 1738 4159 priore
1784 4079 1929 4140 loco·
1962 4080 2110 4143 duae
2154 4091 2353 4144 extent
2397 4077 2829 4143 enuntiationes
2874 4083 2933 4142 in
2979 4098 3151 4141 unam
3198 4087 3562 4155 contractae,
3609 4080 3825 4142 altera:
3870 4080 4011 4144 κοῦ-

469 4197 595 4257 φον
639 4175 715 4238 δέ
756 4200 825 4240 τι
868 4179 1063 4242 τοῦτο
1106 4183 1219 4244 καὶ
1264 4175 1389 4245 ἁδὺ
1434 4186 1719 4264 γίνεται,
1788 4183 2005 4247 altera:
2071 4187 2324 4266 γίνεται
2370 4178 2430 4246 ‹5’
2487 4177 2595 4247 ἐπ’
2642 4178 3044 4268 ἀνθρώποις.
3136 4185 3332 4260 Quare
3375 4187 3713 4261 germanice
3759 4186 4030 4248 fortasse*

469 4281 552 4340 ita
602 4282 1092 4363 ,interpretandum
1153 4295 1271 4347 est:
1341 4282 1434 4352 (ᾄὸ
1478 4283 1543 4368 ist
1587 4284 1712 4354 bie&
1760 4284 1887 4355 eine
1933 4288 2028 4354 ber
2071 4284 2457 4371 {dymetglofen
2501 4287 2623 4354 unb
2668 4284 2839 4370 [steen
2885 4284 3096 4353 &tutet
3154 4282 3243 4352 bie
3296 4282 3604 4370 wenfcben
3657 4304 3727 4369 311
3782 4275 4011 4354 &ebote

462 4374 774 4463 stebenss).
858 4385 961 4447 vs.
1009 4394 1200 4446 autem
1242 4387 1326 4452 58
1370 4392 1451 4451 ita
1495 4401 1694 4453 verto:
1742 4388 1972 4474 ῗςτείῑίεῑ)
2019 4392 2133 4458 bete
2181 4389 2300 4457 eine
2347 4387 2471 4475 gibt
2516 4392 2578 4457 ee
2624 4406 2738 4457 nur
2780 4388 2866 4456 im
2898 4387 3213 4471 &ommes
3260 4388 3373 4455 bae
3406 4389 3613 4456 anbete
3642 4387 3730 4457 im
3758 4387 4008 4459 saintet.

730 4485 834 4547 Vs.
876 4489 937 4552 4.
1003 4482 1239 4574 Εὑρεῖν
1282 4482 1338 4552 6⁹
1381 4485 1458 4555 οὗ
1501 4491 1730 4580 ῥᾴδιόν
1773 4496 1976 4570 ἐστιν,
2022 4496 2204 4557 veluti
2250 4496 2573 4556 Aeschines
2603 4495 2984 4557 Theocriteus
3031 4492 3219 4588 (XIV,
3249 4491 3360 4576 52)
3408 4497 3621 4556 amoris
3664 4477 4011 4559 medicinam

467 4589 733 4668 ignorat,
781 4590 968 4651 Simus
1009 4612 1151 4655 vero
1201 4592 1468 4677 (ibidem)
1515 4599 1816 4660 militatum
1861 4600 2160 4679 profectus
2205 4598 2380 4678 rediit
2423 4618 2620 4661 sanuS.

724 4692 828 4759 Vs.
875 4689 937 4754 6.
1004 4693 1092 4779 Ao)
1138 4698 1458 4779 particulae
1501 4704 1588 4762 vis
1635 4703 2009 4765 confirmandi
2024 4699 2107 4783 12)
2163 4705 2249 4763 sic
2304 4711 2501 4784 potest
2546 4706 2821 4783 exprimi:
2873 4704 3078 4781 favent
3119 4705 3218 4766 tibi
3259 4724 3458 4766 novem
3500 4704 3705 4766 Musae
3750 4725 4008 4766 omne&

461 4791 663 4868 Quare
708 4800 978 4859 existimo
1024 4798 1244 4862 Niciam
1291 4802 1474 4863 fuisse
1521 4806 1967 4868 eruditissimum
2012 4808 2398 4887 omnibusque
2442 4810 2502 4869 in
2547 4808 2764 4868 artibus
2795 4806 3137 4870 liberalibus
3167 4817 3478 4870 versatum.
3569 4808 3763 4889 Atque
3808 4819 3867 4870 ut
3912 4808 4012 4869 bic

462 4897 687 4962 Niciam
734 4904 996 4984 appellat
1038 4912 1214 4984 poeta
