4167 5517
2172 336 2263 403 15

433 542 741 628 κιχλίζειν
762 538 851 627 ⁸¹)
899 540 1222 603 derivatum
1267 548 1357 601 est
1402 559 1433 600 a
1477 532 1662 620 κίχλη
1708 537 2115 616 significatque
2160 539 2453 600 turdorum
2492 539 2605 599 ritu
2634 556 2701 599 se
2730 556 2975 618 gerere,
3021 557 3190 617 quam
3235 540 3724 618 comparationem
3772 541 3829 598 in
3878 553 3984 600 ore

436 652 683 732 pastoris
728 664 797 709 ac
839 647 1135 707 venatoris
1182 645 1458 724 optimam
1503 639 1804 702 iudicabis.
1893 640 2085 719 Atque
2131 650 2193 701 ut
2236 639 2635 703 antecedentis
2681 659 2882 703 versus
2927 644 3004 702 ita
3052 643 3228 702 etiam
3265 641 3436 716 huius
3471 642 3735 722 leporem
3766 645 3983 704 rectis-

437 757 584 818 sime
628 751 857 813 videtur
900 748 1041 809 mihi
1085 749 1459 828 perspexisse
1503 744 1751 806 Vossius
1810 740 1956 823 (not.
2002 763 2190 822 marg.
2236 745 2309 805 ad
2351 763 2440 808 vs.
2486 742 2617 825 77).
2717 745 2978 807 Subdole
3025 747 3178 805 enim
3222 745 3303 806 ait
3347 746 3607 826 puellas,
3679 755 3983 827 postquam

434 857 809 919 invitaverint
863 850 1159 912 horridum
1216 859 1567 926 monstrum,
1635 849 1838 909 laetari
1898 849 2025 909 eius
2081 849 2325 910 saltibus
2376 866 2446 908 ac
2489 850 2809 910 rusticitate
2855 848 3285 928 cachinnosque
3332 849 3561 910 illarum
3608 850 3664 910 ei
3709 868 3817 931 pro
3863 867 3980 931 ap-

435 959 646 1041 plausu
691 974 842 1017 esse.
905 989 977 999 -—
1037 954 1309 1034 Denique
1353 955 1414 1013 in
1458 971 1545 1014 vs.
1595 947 1678 1012 79
1722 969 1867 1012 voce
1910 942 2163 1034 κήγὼν
2205 950 2424 1013 indicat
2468 951 2721 1033 Cyclops
2766 971 2871 1014 sua
2917 952 3152 1033 quidem
3200 957 3486 1014 sententia
3531 974 3596 1014 se
3643 971 3758 1014 non
3806 964 3983 1034 post-

435 1066 580 1146 poni
639 1060 912 1121 fratribus
968 1068 1101 1121 natu
1161 1057 1476 1120 maioribus
1526 1060 1626 1137 qui
1671 1074 1900 1117 amores
1945 1065 2179 1138 captent
2220 1054 2609 1136 Nympharum
2654 1056 3033 1118 terrestrium.
3125 1057 3494 1141 Quapropter
3540 1058 3732 1127 malim
3778 1059 3984 1140 expli-

438 1184 578 1228 care
621 1164 707 1246 ἐν
745 1161 850 1249 τᾷ
890 1160 984 1248 γᾷ
1027 1165 1087 1223 in
1130 1170 1285 1224 terra
1329 1163 1626 1223 continenti
1646 1159 1761 1246 ⁸²).

701 1266 893 1346 Atque
936 1270 1017 1327 ita
1063 1265 1299 1345 quidem
1344 1266 1700 1326 terrestrium
1748 1263 2071 1344 puellarum
2119 1262 2217 1323 ubi
2260 1265 2427 1342 sequi
2472 1264 2730 1325 decrevit
2773 1281 3033 1339 amores,
3079 1264 3433 1326 nanciscitur
3478 1266 3653 1326 animi
3684 1265 3981 1345 tranquil-

440 1371 680 1433 litatem.
769 1370 887 1433 Sed
932 1373 1150 1431 amoris
1193 1377 1479 1431 tormenta
1523 1376 1772 1448 possunt
1814 1368 2201 1448 redintegrari
2247 1364 2362 1449 (vs,
2406 1386 2578 1448 supra
2621 1387 2679 1449 p.
2726 1363 2815 1448 2).
2906 1366 3050 1429 Tum
3095 1377 3256 1430 certe
3302 1371 3359 1429 in
3404 1368 3582 1428 Musis
3630 1368 3820 1430 denuo
3866 1388 3976 1429 re-

439 1478 627 1559 periet
667 1474 1010 1536 remedium.
1099 1470 1292 1545 Quare
1335 1478 1513 1554 poeta
1557 1471 1759 1534 Niciae
1805 1474 2018 1533 misere
2063 1472 2275 1532 amanti
2329 1470 2563 1532 easdem
2617 1481 2680 1533 ut
2733 1472 2888 1533 colat
2931 1471 3125 1534 Musas
3181 1471 3404 1534 suadet.
3495 1472 3658 1548 Quae
3726 1474 3984 1536 breviter

438 1578 828 1661 complectens

691 1702 811 1744 vss.
859 1677 947 1743 80
992 1688 1050 1741 et
1091 1676 1170 1742 81
1242 1681 1395 1757 Sic,
1442 1682 1660 1759 inquit,
1705 1679 2199 1760 Polyphemus
2243 1696 2551 1740 amorem
2594 1679 3063 1760 temperabat
3106 1680 3495 1757 Musarum,
3542 1699 3683 1742 nou
3730 1681 3979 1743 medi-

433 1806 682 1850 corum
726 1794 946 1845 utens
989 1782 1360 1845 remediis.

695 1888 890 1967 Atque
934 1891 993 1948 in
1039 1906 1123 1948 vs.
1159 1883 1244 1948 80
1286 1887 1774 1966 ποιμαίνειν
1819 1881 1964 1948 τὸν
2007 1881 2264 1968 ἔρωτα
2310 1896 2469 1947 recte
2515 1886 2769 1966 explicat
2811 1885 3056 1947 Vossius
3101 1897 3220 1949 not.
3267 1905 3482 1967 marg:
3528 1883 3626 1953 (ξε
3671 1885 3981 1953 meibete

431 1991 550 2059 bie
595 1987 835 2070 ssiebe,
883 2006 953 2057 et
997 1987 1181 2070 bieit
1224 1987 1319 2070 sie
1363 1987 1437 2056 in
1481 1986 1982 2073 Drbnungssv.
2041 2021 2125 2032 —
2171 1977 2406 2071 Ἔρως
2450 1999 2638 2050 autem
2682 1988 2780 2049 hic
2823 2007 2939 2050 non
2985 1999 3177 2071 potest
3221 2008 3355 2051 esse
3399 2009 3610 2052 nomen
3657 1994 3978 2071 proprium,

437 2114 569 2157 cum
613 2114 720 2176 per
763 2104 939 2156 totum
985 2093 1248 2172 idyllium
1294 2113 1458 2156 amor
1503 2101 1875 2174 comparetur
1918 2110 2047 2152 cum
2093 2092 2318 2155 morbo.
2384 2124 2472 2139 -
2543 2092 2669 2154 Jam
2715 2111 2855 2154 vero
2902 2112 2988 2154 vs.
3035 2091 3114 2155 81
3166 2112 3308 2173 nos,
3374 2096 3472 2173 qui
3532 2095 3819 2156 discemus
3866 2096 3983 2157 hoc

436 2199 719 2261 decennio
768 2202 1011 2261 nummis
1060 2199 1367 2279 pecuniam
1415 2198 1648 2259 solvere
1699 2198 1925 2273 aureis,
1993 2196 2311 2257 maioribus
2370 2199 2584 2259 nostris
2638 2197 3048 2276 intellegemus
3105 2198 3330 2259 melius.
3420 2197 3564 2259 Nam
3626 2216 3825 2259 aurum
3880 2200 3981 2260 hic

431 2313 601 2367 sonat
646 2322 912 2367 nummos
955 2307 1080 2364 sive
1126 2306 1428 2383 pecuniam
1475 2304 1621 2362 sicut
1664 2319 1819 2362 nunc
1862 2299 2273 2380 Francogallis
2308 2300 2585 2378 l’argeut,
2631 2300 2909 2362 Romanis
2956 2301 3095 2361 olim
3141 2299 3421 2382 pecunia,
3468 2321 3601 2380 aeS‚
3647 2313 3979 2383 argentum.

430 2404 682 2467 Solvere
727 2414 917 2466 autem
964 2409 1271 2485 pecuniam
1315 2406 1514 2468 Nicias
1557 2407 1746 2486 potuit
1790 2414 1886 2466 aut
1930 2406 2174 2467 medicis
2219 2413 2317 2465 aut
2360 2406 2566 2484 magis.
2657 2403 2947 2484 Utrosque
2993 2408 3146 2466 enim
3194 2418 3452 2469 amantes
3497 2405 3656 2468 adire
3687 2409 3975 2471 solebant.

432 2545 509 2555 -—
561 2511 779 2572 Verum
821 2513 1004 2571 totius
1045 2529 1249 2571 versus
1294 2513 1640 2572 sententiam
1686 2510 1915 2571 duobus
1958 2508 2341 2572 hemistichiis
2386 2512 2604 2590 optime
2648 2510 2984 2589 explanavit
3025 2508 3392 2572 Fritzschius.
3495 2512 3573 2571 At
3616 2515 3667 2573 si
3712 2511 3977 2574 lacunam

431 2614 545 2677 sibi
597 2614 830 2676 videtur
886 2613 1255 2693 explevisse,
1322 2613 1702 2676 dubitaverim
1759 2632 1894 2674 num
1953 2617 2068 2676 sint
2123 2615 2222 2693 q‘ui
2279 2615 2335 2674 ei
2389 2615 2795 2675 assentiantur.
2885 2611 3117 2674 Etenim
3172 2633 3323 2693 quae
3382 2614 3661 2676 exhibent
3713 2616 3979 2695 codiceS,

431 2721 775 2800 praesertim
821 2721 871 2780 si
919 2726 1054 2798 post
1103 2707 1142 2800 ἢ
1187 2726 1425 2781 auctore
1468 2717 1850 2779 Boissonadio
1898 2719 2174 2779 inseritur
2216 2713 2318 2790 εἰ,
2375 2734 2548 2777 nemo
2605 2735 2723 2777 non
2765 2715 3073 2796 intelleget
3111 2719 3171 2778 in
3216 2716 3462 2780 eundem
3506 2737 3576 2780 ac
3623 2719 3973 2782 Fritzschius

434 2822 686 2884 modum.
759 2858 844 2870 —
917 2821 1125 2904 Neque
1169 2823 1512 2884 brevitatem
1558 2821 1783 2903 epilogi
1826 2822 2203 2902 vituperabo‚
2262 2819 2369 2882 sed
2412 2819 2666 2882 admiror
2708 2820 2933 2903 leporis
2976 2822 3351 2884 subtilitatem
3398 2833 3456 2884 et
3501 2827 3782 2886 orationis
3829 2844 3978 2904 gra-

431 2929 691 2988 vitatem.
1996 2928 2009 2941 ⁰

708 3354 776 3437 ¹).
824 3354 1021 3416 Nicias
1066 3354 1138 3416 ab
1184 3358 1591 3439 hypothesium
1636 3358 1970 3417 auctoribus
2016 3354 2345 3437 (Fritzscbii
2391 3355 2483 3417 ed.
2521 3361 2653 3420 mai.
2701 3358 2724 3419 1
2771 3377 2827 3438 p.
2860 3353 3012 3439 349)
3058 3356 3385 3437 appellatur
3427 3356 3689 3420 Milesius
3734 3355 3970 3441 (Μιλή-

432 3473 578 3532 σιος
619 3456 699 3521 τὸ
745 3456 982 3540 γένος),
1029 3457 1135 3520 sed
1179 3459 1292 3520 hoc
1332 3462 1474 3522 mihi
1518 3460 1745 3522 videtur
1789 3479 1825 3521 e
1869 3461 2126 3521 carmine
2167 3459 2408 3522 XXVIII
2455 3471 2513 3523 et
2556 3481 2630 3523 ex
2675 3465 3093 3542 epigrammate
3136 3460 3243 3522 VII
3287 3480 3418 3522 esse
3465 3465 3811 3525 coniectum.
3902 3466 3981 3526 At

436 3564 713 3625 discimus
759 3583 834 3625 ex
878 3564 971 3626 his
1017 3565 1408 3625 tantummodo
1453 3563 1676 3627 Niciam
1720 3565 1905 3625 Mileti
1951 3565 2165 3642 fuisse,
2231 3573 2294 3625 ut
2335 3565 2571 3627 dubium
2614 3567 2690 3627 sit
2732 3566 3006 3629 Miletoue
3051 3583 3124 3625 an
3169 3565 3404 3627 aliunde
3450 3565 3626 3627 fuerit
3671 3570 3972 3631 oriundus.

436 3699 518 3711 —
564 3668 759 3747 Atque
801 3669 1168 3729 simulacrum
1213 3667 1355 3729 illud
1403 3667 1523 3749 (ep.
1570 3668 1699 3751 VII)
1745 3669 2103 3750 Aesculapio
2151 3667 2431 3745 dicatum,
2477 3668 2550 3730 ab
2593 3668 2844 3730 Eetioue
2889 3670 3100 3730 eximia
3147 3678 3272 3730 arte
3317 3669 3622 3731 formatum
3667 3674 3974 3733 versibus-

439 3787 554 3849 que
596 3775 934 3852 inscriptum
971 3771 1268 3833 Theocriti
1314 3780 1431 3831 tum
1478 3772 1729 3832 fortasse
1775 3775 1888 3834 iam
1933 3772 2334 3850 celeberrimi,
2379 3773 2531 3833 bene
2575 3775 2762 3853 potuit
2805 3771 3209 3834 commendare
3252 3772 3473 3834 Niciam
3520 3775 3795 3835 medicum
3840 3795 3969 3837 cum

438 3871 666 3933 civibus
706 3874 957 3937 Milesiis
1001 3885 1121 3938 tum
1165 3875 1498 3956 peregrinis
1542 3873 1724 3935 Mileti
1768 3876 2275 3937 commorantibus.

698 3976 775 4058 2).
820 3979 1039 4041 Confer
1083 3979 1456 4042 Gebauerum
1514 3976 1588 4039 de
1645 3985 1801 4057 poet.
1864 3979 1992 4040 buc.
2051 3981 2334 4060 imprimis
2390 3977 2640 4040 Theocr.
2700 3996 2877 4042 carm.
2926 4025 2941 4040 .
2969 4026 2983 4041 .
3012 4025 3026 4041 .
3085 3997 3120 4040 a
3161 3978 3343 4058 Verg.
3392 3982 3707 4060 expressis.
3810 3980 3969 4062 Lips.

436 4074 601 4140 1861
651 4097 710 4159 p.
756 4077 858 4140 21.
2697 4095 2704 4102 ·

699 4180 772 4264 ³).
817 4182 906 4243 De
951 4186 1192 4263 picturis
1255 4194 1389 4267 post
1433 4185 1948 4247 Wuestemannum
1992 4188 2315 4248 accuratius
2360 4196 2606 4265 egerunt
2649 4187 2721 4250 Ο.
2765 4187 2915 4249 Jahn
2961 4195 3020 4247 et
3066 4184 3288 4265 Wolfg.
3337 4185 3556 4267 Helbig
3614 4185 3746 4268 (hic
3790 4189 3977 4268 symb.

435 4281 579 4361 phil.
625 4285 808 4348 Bonn.
854 4281 1256 4367 {iol—372,
1303 4310 1440 4351 num
1485 4299 1679 4351 autem
1725 4287 1890 4350 libris
1933 4291 2053 4351 suis
2097 4292 2427 4351 novissimis
2471 4290 2621 4351 hanc
2664 4293 3065 4371 quaestionem
3110 4293 3369 4369 attigerit
3413 4292 3664 4375 nescio).

694 4385 773 4469 4).
817 4389 906 4450 De
952 4389 1072 4450 illis
1117 4391 1248 4452 vide
1292 4392 1594 4454 Fritzschii
1641 4392 1735 4454 ed.
1782 4411 1857 4453 m.
1905 4392 1928 4452 1
1973 4412 2031 4474 p.
2082 4390 2236 4468 182,
2285 4394 2384 4456 ubi
2428 4392 2562 4455 addi
2606 4403 2803 4476 potest
2831 4394 3104 4455 Oenonas
3150 4391 3639 4476 (γελωτοποιός,
3685 4398 3898 4461 Athen.
3932 4399 3977 4478 Ι,

433 4485 551 4566 74,
596 4485 639 4551 3
683 4489 962 4575 Schwgh)
977 4491 1080 4575 θ),
1128 4494 1203 4555 de
1246 4495 1336 4556 his
1383 4498 1630 4559 eundem
1673 4496 1700 4558 1
1744 4516 1802 4577 p.
1848 4492 1999 4561 342.

698 4592 773 4675 ⁶).
820 4594 1034 4659 Tamen
1080 4599 1305 4660 formae
1349 4617 1682 4662 communes
1727 4610 1815 4662 sat
1860 4598 2075 4662 multae
2120 4611 2217 4664 aut
2259 4605 2515 4665 omnium
2558 4612 2657 4665 aut
2700 4602 3077 4683 plurimorum
3124 4614 3222 4665 aut
3267 4603 3677 4666 nonnullorum
3710 4606 3975 4668 codicum

426 4700 772 4759 auctoritate
816 4698 1085 4762 videntur
1128 4721 1265 4764 esse
1309 4705 1668 4766 retinendae.

644 4904 688 4967 Ἰ
745 4904 1021 4973 Toupium,
1061 4921 1214 4974 quem
1253 4915 1622 4961 commemorat
1654 4908 1968 4976 Wuestem„
2005 4926 2111 4961 non
2151 4911 2296 4978 potui
2330 4911 2608 4976 inspicere.
