4167 5517
2031 341 2128 410 14

298 570 438 614 vero
474 552 655 630 pedes
693 550 817 612 vult
860 550 1172 610 verberare
1230 549 1362 608 iure
1422 546 1730 607 mirabere.
1856 546 2060 625 Itaque
2119 564 2346 606 mecum
2397 540 2649 619 πόδας
2708 545 2991 624 intellege
3059 545 3131 606 de
3204 547 3397 623 tibiis,
3469 551 3688 629 quippe
3745 570 3866 629 qua

297 658 563 736 corporis
605 664 767 734 parte
812 652 1057 714 verbera
1103 654 1422 712 sentiantur
1466 651 1751 711 acerrime
1769 647 1879 730 ⁷²).
1927 682 2006 694 —
2055 650 2189 728 Age
2236 668 2377 710 vero
2424 649 2724 730 perpende
2761 658 2973 729 quanta
3007 648 3335 710 acerbitate
3369 648 3620 733 Cyclops
3651 652 3861 716 vocem

297 753 630 820 ἀνιᾶσθαι
680 765 934 839 repetat,
990 774 1139 836 quae
1185 764 1374 815 tamen
1420 754 1637 833 duplici
1683 760 1991 833 usurpatur
2033 770 2228 813 sensu.
2331 750 2472 814 Nam
2519 755 2578 813 in
2624 750 2887 833 Cyclope
2934 753 3231 831 significat
3285 753 3737 832 indignationem
3784 776 3857 819 ac

297 860 747 924 sollicitudinem
791 861 1035 936 amoris,
1101 860 1162 917 in
1206 856 1436 918 Thoosa
1481 857 1912 918 miserationem
1957 873 2027 916 ac
2071 872 2369 935 pavorem.
2459 855 2576 916 Sed
2623 865 2929 936 utrumque
2977 874 3127 917 voce
3181 858 3722 937 comprehenditur,
3788 871 3851 923 ut

297 962 696 1043 intellegenda
740 966 815 1023 sit
859 962 933 1023 de
979 963 1170 1022 animo
1218 962 1363 1021 tristi
1411 969 1469 1021 et
1516 968 1829 1021 commoto.

554 1065 719 1128 Nunc
761 1085 958 1128 rursus
1003 1064 1193 1127 fistula
1240 1068 1394 1125 canit
1452 1073 1511 1124 et
1557 1071 1826 1144 expectat
1870 1064 2081 1143 opinor
2125 1072 2223 1124 aut
2267 1061 2538 1125 Thoosae
2583 1081 2653 1125 ac
2697 1062 2975 1126 Galateae
3019 1074 3119 1125 ant
3164 1064 3371 1127 saltem
3429 1070 3628 1127 matris
3670 1068 3852 1128 solius

297 1172 623 1234 adventum.
714 1169 876 1244 Quae
921 1188 1049 1231 cum
1095 1190 1211 1232 non
1255 1177 1600 1249 appareant,
1646 1168 1880 1228 tandem
1925 1185 1994 1228 se
2036 1169 2167 1247 ipse
2211 1176 2452 1228 revocat
2496 1166 2567 1229 ad
2615 1176 2865 1229 mentem
2898 1187 3116 1231 sanam.
3206 1169 3379 1230 Nunc
3416 1173 3595 1249 igitur
3626 1169 3856 1230 demum

297 1276 620 1338 remedium
666 1282 754 1335 est
797 1274 1036 1349 efficax,
1097 1292 1247 1335 nunc
1290 1272 1489 1334 Musae
1535 1270 1857 1331 medicatae
1903 1279 2034 1331 snut
2079 1271 2324 1347 amanti,
2383 1289 2456 1331 eo
2501 1279 2663 1332 certe
2710 1272 2804 1332 die
2851 1291 2966 1351 quo
3013 1289 3232 1333 canens
3288 1274 3547 1352 lingitur.
3634 1272 3859 1333 Verum

299 1380 372 1441 de
418 1381 528 1441 bac
568 1398 632 1439 re
675 1396 850 1458 snpra
895 1376 1013 1439 dixi
1059 1374 1143 1457 (p.
1189 1374 1280 1458 2).
1348 1410 1433 1420 --
1498 1374 1585 1435 Ac
1629 1393 1715 1439 νε.
1763 1374 1997 1453 quidem
2044 1370 2326 1434 72-79
2369 1374 2444 1435 de
2489 1376 2715 1436 insania
2764 1394 2832 1436 se
2888 1374 3161 1454 obiurgat
3220 1394 3587 1456 gregemque
3652 1394 3858 1438 curare

298 1483 577 1544 decernit.
666 1481 926 1542 Puellam
971 1491 1160 1542 antem
1204 1479 1331 1539 vult
1374 1496 1660 1557 quaerere
1707 1477 1896 1538 aliam.
1988 1475 2183 1550 Quare
2227 1480 2478 1558 primum
3706 1473 3709 1479 ’

553 1604 671 1646 νεε.
719 1581 995 1644 72-74
1064 1584 1251 1660 Quid
1293 1583 1642 1659 voluisti,
1690 1583 1906 1659 inquit,
1952 1581 2276 1642 vesane?
2364 1581 2802 1645 Administra
2848 1584 3105 1663 potins
3152 1586 3466 1663 negotia
3512 1580 3664 1644 tua!

552 1689 752 1767 Imago
807 1700 998 1750 autem
1055 1707 1204 1767 quae
1259 1690 1414 1748 inest
1471 1689 1527 1746 in
1583 1702 1735 1745 voce
1791 1679 2364 1748 ἐκπεπόταται
2422 1684 2548 1767 (νε.
2597 1684 2719 1767 72)
2777 1697 3004 1768 sumpta
3051 1688 3280 1749 videtur
3327 1687 3398 1748 ab
3451 1686 3658 1748 avibus
3712 1686 3855 1749 nido

297 1794 505 1856 relicto
546 1792 923 1873 vagantibus,
978 1792 1320 1872 quibuscum
1367 1791 1688 1870 comparari
1734 1797 1974 1867 possunt
2018 1792 2205 1849 insani
2251 1800 2565 1870 propterea
2610 1790 2767 1879 quod
2816 1810 2978 1853 mens
3026 1809 3225 1852 eorum
3274 1800 3545 1870 tanquam
3592 1793 3857 1851 circum-

238 1956 246 1964 ,
297 1899 457 1959 volat
497 1897 592 1958 vel
637 1894 986 1977 vagatur‘st)
1034 1930 1115 1940 —
1159 1896 1289 1956 Jam
1331 1912 1449 1954 vss.
1499 1888 1582 1953 73
1628 1902 1689 1953 et
1733 1888 1818 1951 74
1862 1895 2205 1955 sententiam
2255 1896 2332 1954 ita
2379 1894 2843 1975 explanaverim:
2903 1898 3240 1975 prudentior
3269 1897 3492 1973 fueris,
3536 1896 3587 1955 si
3628 1914 3855 1973 yreyem

294 2009 355 2063 ut
397 2002 564 2063 debes
606 2022 783 2062 cures.
873 2001 973 2061 Sic
1003 2003 1157 2061 enim
1201 1999 1395 2059 malim
1439 1999 1695 2077 reposita
1743 2000 1997 2059 omnium
2044 1996 2173 2056 fere
2217 1997 2499 2058 librorum
2544 2001 2827 2078 scriptura
2872 1990 3035 2059 ai'x’
3055 1997 3175 2079 74),
3230 1998 3389 2078 quod
3419 2008 3614 2058 tamen
3648 1996 3854 2057 melius

297 2107 539 2167 seorsim
585 2106 858 2166 scribitur
901 2100 984 2165 αἴ
1016 2096 1198 2186 κ’75).
1250 2136 1321 2147 -
1378 2100 1482 2162 Vs.
1531 2111 1723 2162 antem
1769 2100 1852 2162 75
1895 2096 2316 2181 aazzbvw)
2364 2102 2569 2163 ovibus
2614 2101 2756 2164 ferri
2802 2102 3089 2180 legimus,
3136 2111 3443 2181 praeterea
3490 2101 3705 2161 vitellis
3750 2100 3850 2177 lv,

295 2206 412 2284 44,
456 2208 661 2269 haedis
704 2207 872 2269 Hom.
916 2228 956 2288 ρ
990 2204 1138 2267 224.
1197 2240 1271 2250 -
1319 2204 1462 2266 'l’um
1508 2206 1567 2264 in
1613 2222 1697 2266 vs.
1732 2202 1814 2265 74
1858 2215 1994 2267 nota
2040 2208 2099 2265 in
2147 2221 2251 2266 usu
2296 2201 2508 2285 τάχα
2552 2208 2716 2267 vocis
2763 2205 3264 2268 dissimilationem
3321 2205 3606 2285 quandam
3651 2203 3847 2263 simil-

294 2312 489 2372 limam
536 2313 591 2372 ei
636 2331 786 2391 quae
829 2312 1068 2390 linguae
1111 2310 1696 2391 palaeogermanicae
1744 2308 1853 2369 fuit
1898 2309 2375 2385 familiarissima,
2426 2309 2609 2371 veluti
2654 2312 2714 2370 in
2759 2308 3225 2389 Nibelnngornm
3280 2312 3537 2370 carmine
3580 2305 3736 2387 369,
3779 2308 3841 2370 4.

297 2417 452 2478 liizel
496 2416 686 2477 leides
732 2418 789 2476 in
833 2414 1162 2495 geschach,
1209 2416 1246 2474 i.
1295 2432 1347 2474 e.
1396 2413 1609 2473 dehein
1656 2410 1846 2494 (kein)
1893 2413 2014 2473 leit.
2035 2409 2146 2491 ⁷⁷).
2194 2444 2276 2457 —
2334 2412 2421 2472 Ac
2465 2431 2615 2491 quae
2660 2412 2984 2474 intercedat
3030 2415 3187 2474 inter
3231 2432 3318 2473 νε.
3368 2410 3452 2473 72
3498 2421 3557 2472 et
3599 2432 3714 2473 vss.
3764 2408 3847 2474 73

297 2530 356 2582 et
400 2517 481 2581 74
539 2522 687 2581 ratio
733 2520 887 2581 bene
931 2518 1186 2599 explicat
1228 2517 1298 2578 H.
1346 2516 1672 2596 Stephanus
1718 2513 1935 2596 (Verg.
1985 2524 2044 2575 et
2085 2515 2223 2578 Nas.
2269 2517 2411 2577 imit.
2466 2512 2647 2577 1579.
2693 2535 2752 2596 p.
2801 2513 2925 2598 49)
2986 2516 3101 2578 hoc
3158 2515 3367 2577 modo:
3398 2492 3409 2505 ¹
3440 2517 3520 2578 ibi
3576 2513 3686 2596 (vs.
3732 2512 3843 2595 72)

296 2644 410 2684 non
457 2626 681 2688 omnino
725 2623 1127 2704 Polyphemum
1172 2642 1233 2682 se
1260 2622 1442 2698 fateri
1483 2621 1702 2680 stultum
1716 2667 1737 2698 ,
1780 2620 1869 2680 hic
1914 2615 2057 2699 (vas,
2091 2616 2193 2680 73.
2239 2617 2349 2701 74)
2394 2621 2562 2681 multo
2606 2623 2790 2700 magis
2832 2640 2894 2682 se
2936 2641 3145 2701 sapere
3176 2624 3432 2699 sortasse
3444 2669 3465 2698 ,
3508 2623 3559 2681 si
3600 2622 3701 2681 hoc
3727 2620 3845 2696 sa-

299 2731 427 2789 ciat.
519 2726 698 2788 Porro
757 2736 890 2787 ante
940 2724 1259 2803 asyndeton
1318 2723 1474 2803 quod
1532 2724 1794 2803 seqnitur
1848 2721 2029 2782 talem
2076 2722 2200 2782 fere
2247 2726 2513 2784 existimo
2559 2742 2933 2805 suppressam
2979 2744 3113 2786 esse
3161 2727 3530 2786 sententiam.
3622 2721 3749 2782 Jam
3796 2725 3849 2782 si

296 2839 611 2910 occupatus
654 2832 713 2891 in
760 2829 849 2891 his
892 2830 1067 2890 rebus
1113 2847 1231 2890 non
1273 2829 1499 2908 poteris
1544 2844 1746 2889 carere
1792 2824 2021 2907 puella,
2068 2844 2181 2904 age
2226 2826 2376 2888 alios
2422 2846 2639 2907 quaere
2684 2848 2914 2891 amores
2946 2848 3063 2891 non
3097 2828 3445 2907 denegatos.
3539 2827 3629 2888 Ad
3675 2827 3852 2887 alium

295 2936 475 3016 igitur
518 2953 584 2995 se
629 2936 890 2995 excitans
934 2952 1188 2994 amorem

554 3057 672 3098 νεε.
732 3031 1012 3097 75-79
1097 3035 1283 3110 Quid
1339 3033 1897 3110 fastidientem,
1969 3036 2186 3114 inquit,
2254 3039 2601 3115 sequeris
2659 3036 3031 3116 puellam?
3167 3036 3408 3098 Aliam
3467 3037 3850 3116 reperisti,

296 3144 734 3224 praesertim
791 3159 943 3202 cnm
999 3149 1393 3219 tantopere
1452 3141 1765 3219 placeas
1822 3137 2099 3217 puellis
2159 3141 2640 3201 terrestribus
2700 3158 3003 3219 eumque
3059 3144 3168 3202 sis
3231 3140 3499 3221 aliquo
3545 3156 3851 3199 numero

296 3249 365 3307 in
411 3255 629 3307 terra.

551 3350 744 3429 Atque
797 3348 1032 3409 attende
1084 3348 1320 3427 quidem
1374 3349 1491 3407 vim
1550 3364 1620 3407 ao
1677 3350 1842 3426 qnasi
1900 3349 2318 3409 contumaciam
2374 3349 2657 3410 orationis
2715 3352 2773 3410 in
2831 3346 3092 3409 membra
3157 3350 3432 3409 concisae
3484 3348 3852 3408 brevissima.
3908 3379 3923 3386 ’

296 3452 502 3515 Certus
547 3456 700 3514 enim
732 3455 833 3514 'est
877 3462 936 3513 et
980 3453 1350 3512 confirmatus
1394 3450 1739 3531 Polyphemi
1787 3453 2026 3511 animus.
2075 3484 2158 3495 —
2204 3449 2306 3512 Vs.
2354 3462 2545 3514 autem
2585 3449 2669 3513 75
2716 3455 2962 3533 primum
3009 3451 3149 3533 qnid
3198 3451 3526 3513 faciendum
3576 3451 3653 3510 sit
3701 3469 3853 3530 pro-

296 3561 460 3637 ponit
504 3557 616 3617 sihi
664 3555 917 3637 [lya-lopo
965 3555 1185 3613 duobus
1233 3553 1557 3633 proverbiis
1602 3555 1820 3635 pastori
1865 3572 2143 3635 perquam
2190 3557 2338 3634 aptis
2355 3553 2465 3638 ⁷⁸).
2556 3556 2785 3620 Etenim
2840 3560 3038 3638 priore
3100 3566 3262 3617 certe
3323 3556 3684 3636 pastoricio,
3750 3554 3852 3616 ubi

296 3665 568 3741 supplere
616 3673 781 3741 potos
829 3657 989 3737 ,dosii-
1037 3661 1125 3717 vol
1177 3649 1273 3717 ἔτι·
1321 3661 1444 3718 sive
1489 3648 1590 3718 οἷν
1633 3657 1730 3718 vel
1776 3648 1964 3737 αἶγα,
2011 3678 2077 3719 se
2119 3670 2357 3722 revocat
2390 3679 2423 3722 a
2454 3660 2768 3721 fastidienti
2802 3661 2997 3742 puella
3029 3660 3101 3721 ad
3133 3677 3390 3720 amorem
3424 3656 3850 3740 permovenda.

296 3765 628 3825 Posteriora
672 3773 861 3825 autem
909 3785 973 3821 so
1024 3765 1145 3841 ipse
1197 3761 1529 3822 adhortatur
1572 3779 1645 3821 ne
1692 3769 1994 3821 consumat
2037 3771 2264 3843 tempus
2308 3767 2366 3823 in
2412 3763 2609 3843 puella
2656 3764 2980 3842 exoranda,
3050 3782 3176 3824 cum
3224 3762 3370 3822 alius
3418 3764 3635 3822 amoris
3683 3761 3851 3841 larga

296 3873 368 3929 sit.
428 3869 688 3929 faoultas.
785 3869 973 3945 Atque
1033 3869 1145 3925 hoo
1205 3865 1573 3943 pnwerbium
1630 3864 1880 3926 fortasse
1937 3883 2053 3925 non
2116 3870 2483 3945 pastoricium
2542 3877 2662 3944 est,
2731 3870 3093 3930 venatoriam
3151 3868 3495 3947 putaverim.
3591 3866 3739 3927 Nam
3797 3865 3845 3923 si

296 3973 476 4053 θῆρα
524 3973 921 4051 suppleret-io,
993 3989 1197 4029 senous
1245 3973 1353 4029 inerit
1392 3967 1519 4029 hic:
1593 3985 1697 4029 cur
1741 3971 2117 4047 persequeris
2164 3969 2345 4032 feram
2391 3971 2743 4051 fugientem,
2813 3988 2944 4032 cnm
2999 3974 3194 4053 possis
3260 3979 3580 4050 expectare
3640 3976 3839 4048 sponte

296 4081 616 4137 venientem
668 4077 757 4133 rel
809 4073 1061 4133 insidiari
1113 4069 1629 4154 p1·so.tereunti⁷⁹).
1718 4072 1933 4132 Verum
1979 4072 2128 4132 haec
2173 4076 2482 4153 proverbia
2527 4077 2693 4155 quasi
2741 4075 3174 4137 fundamentum
3232 4085 3368 4135 sunt
3412 4094 3532 4136 νεε.
3577 4087 3836 4148 sequen-

296 4185 468 4241 tium.
520 4181 729 4257 quihus
777 4189 833 4237 ot
877 4181 1009 4257 quid
1065 4177 1388 4237 [solandum
1434 4180 1510 4237 sit
1551 4176 1666 4237 sibi
1711 4181 1998 4258 praecipit
2043 4186 2103 4238 et
2148 4177 2285 4257 quid
2331 4197 2570 4260 sperare
2607 4180 2797 4259 possit
2826 4179 3062 4240 indicat.
3117 4213 3193 4224 -
3238 4179 3369 4240 Jam
3402 4194 3545 4257 quae
3574 4191 3844 4251 sequun-

300 4297 388 4345 tut·
432 4285 572 4361 [1³55.
625 4281 705 4341 ’ῗῦ
729 4281 925 4361 -i‘S-j]
985 4285 1289 4357 ooffiidoto:
1361 4280 1427 4341 τὶ
1469 4274 1589 4341 τὸν
1798 4276 2089 4363 εὑρήσεις
2106 4278 2191 4361 ⁸⁰)
2362 4278 2613 4344 πολλαὶ
2659 4324 2807 4342 .....
2855 4292 2990 4343 sunt
3033 4300 3184 4361 quae
3233 4282 3433 4342 dicunt
3481 4277 3844 4356 ΘωΡῑίῦαίὶυα,

296 4389 452 4465 qood
500 4389 801 4465 apparebit
849 4405 917 4445 ox
969 4385 1073 4445 hoo
1121 4385 1672 4445 oiroumlocntione:
1720 4383 1837 4446 Cur
1867 4387 2021 4447 enim
2066 4393 2253 4446 tentas
2298 4403 2414 4447 non
2460 4403 2775 4462 concessa,
2821 4402 2951 4446 nam
2999 4384 3253 4447 fortasse
3300 4383 3692 4464 pulchriorem
3739 4397 3843 4439 re·-

296 4493 492 4569 perieo
540 4489 865 4561 Galateam,
913 4493 1125 4549 etenim
1173 4489 1385 4549 multae
1429 4496 1562 4548 sunt
1605 4497 1719 4550 cet.
1767 4520 1848 4533 —
1893 4490 1984 4550 Ad
2013 4509 2101 4550 νε.
2136 4501 2328 4552 antem
2358 4486 2442 4550 76
2483 4489 2669 4550 verbo
2706 4490 2931 4568 attingo
2979 4485 3456 4550 Γαλάτειαν
3500 4502 3634 4545 esse
3667 4484 3849 4543 instar

300 4597 544 4653 nominis
592 4593 945 4673 appellativi.
1001 4629 1077 4633 —
1125 4593 1249 4653 Jam
1285 4597 1341 4653 in
1369 4609 1455 4653 vs.
1486 4589 1570 4651 77
1615 4587 1848 4674 κόραι
1892 4611 2007 4653 non
2043 4592 2244 4655 dubito
2292 4594 2432 4674 quin
2478 4594 2593 4653 sint
2634 4586 2888 4673 νύμφαι
2933 4588 3211 4673 (ναΐδες,
3260 4580 3658 4673 ὀρεστιάδες,
3707 4582 3846 4668 dpv-

296 4697 504 4777 ιτὲἆες),
552 4697 1029 4775 qiiomadmodom
1081 4697 1337 4777 Cyelops
1377 4693 1729 4775 Euripidens
1775 4696 1950 4758 habet
1992 4698 2283 4759 ministros
2328 4697 2588 4757 Silenum
2634 4704 2693 4758 et
2724 4697 2985 4775 Satyros.
3035 4729 3120 4740 —
3163 4694 3347 4757 Porro
3391 4690 3547 4756 τὰν
3589 4686 3855 4753 νύκτα

296 4809 452 4861 roo-to
504 4805 865 4881 interpretari
917 4801 1185 4861 Voss-tum
1233 4797 1471 4865 ilbenbss
1517 4800 1630 4860 iam
1677 4816 1853 4880 supra
1898 4800 2169 4864 admonui
2217 4798 2316 4882 (ad
2361 4820 2445 4862 vs.
2494 4798 2624 4882 44).
2713 4800 2875 4861 Idem
2920 4800 3069 4859 scite
3116 4804 3417 4878 comparat
3461 4795 3600 4857 Hor.
3645 4793 3755 4856 Od.
3805 4794 3853 4872 1,

294 4905 364 4985 4,
416 4905 508 4965 ubi
560 4905 757 4965 Venus
801 4909 1137 4965 imminente
1185 4905 1317 4965 luna
1363 4902 1521 4965 ducit
1567 4900 1813 4981 choros,
1861 4906 2208 4985 Gratiaeque
2251 4924 2380 4972 cum
2424 4904 2707 4985 Nymphis
2752 4906 2982 4965 iunctae
3027 4902 3259 4964 saltant.
3317 4931 3393 4943 -
3445 4897 3592 4959 Tum
3638 4915 3725 4958 vs.
3767 4892 3857 4959 78
