4167 5517
2041 354 2135 424 16

576 556 650 641 6).
701 558 901 620 Altera
946 569 1098 638 quae
1142 558 1379 619 affertur
1421 560 1724 640 inscriptio
1769 552 2058 642 Κύκλωψ
2095 547 2142 642 ἢ
2188 553 2528 620 Γαλάτεια
2582 557 2875 639 duplicem
2919 559 3145 619 titulum
3187 558 3422 622 videtur
3469 565 3902 644 comprehen-'

312 663 487 742 dere,
555 672 619 723 nt
668 664 826 743 prior
870 681 1005 744 pars
1052 662 1487 743 inscriptionem
1534 662 1812 725 librorum
1842 661 2166 723 ‘meliorum
2211 663 2472 740 firmare,
2529 663 2825 744 posterior
2869 664 3068 744 inepte
3112 680 3148 723 a
3192 667 3569 742 grammatico
3614 671 3864 748 quodam

312 768 644 847 excogitata
691 784 822 828 esse
865 765 1226 849 videatur*).

579 870 652 954 ⁷).
700 872 940 932 Luciani
985 871 1174 931 locum
1220 871 1388 933 affert
1427 869 1818 932 Heindorfius.

579 975 654 1058 ⁸).
702 971 966 1037 Ποττὸν
1010 976 1309 1036 maluerim
1352 992 1607 1055 sequens
1649 974 2051 1037 Buttmannum
2109 971 2390 1054 (gramm.
2438 972 2610 1053 ampl.
2659 971 2740 1050 ΙΙ,
2785 970 3064 1057 297*)),
3135 979 3265 1038 cnm
3323 981 3566 1058 propius
3621 980 3764 1044 absit
3817 1001 3854 1044 a

313 1082 590 1143 continua
638 1088 902 1141 veterum
949 1080 1252 1159 scriptura.
1354 1076 1567 1140 Contra
1612 1077 1961 1140 Kuehnerus
2008 1074 2125 1156 (gr.
2172 1077 2345 1158 ampl.
2397 1077 2490 1140 ed.
2537 1077 2636 1140 alt.
2686 1095 2744 1158 p.
2796 1074 2946 1160 144)
2991 1096 3155 1140 usum
3200 1081 3502 1160 vulgarem
3547 1089 3858 1164 praeposi-

314 1186 494 1245 tionis
539 1192 836 1244 truncatae
881 1182 1287 1262 segregandae
1333 1184 1547 1242 retinet
1591 1183 1718 1243 sine
1766 1181 1942 1243 dubio
1991 1184 2427 1263 perspicuitatis
2473 1191 2530 1244 et
2575 1182 3003 1261 aequabilitatis
3046 1199 3238 1246 causa.

578 1284 652 1368 ⁹).
706 1276 864 1349 Ov'5v'
890 1321 976 1333 -—
1004 1278 1142 1348 οὐδ’
1200 1285 1354 1366 quod
1412 1297 1568 1349 extat
1622 1288 1681 1347 in
1727 1284 1896 1348 codd.
1944 1304 1995 1348 a.
2041 1284 2085 1349 9
2130 1289 2290 1360 (sive
2333 1289 2443 1358 m).
2531 1286 2575 1348 1.
2632 1296 2875 1367 propter
2928 1286 3385 1366 singularitatem
3441 1290 3584 1351 mihi
3637 1290 3871 1353 videtur

314 1390 683 1453 retinendum
729 1410 883 1454 esse.
971 1392 1115 1453 Nam
1162 1401 1426 1453 accurata
1473 1391 1881 1472 particularum
1926 1409 2079 1470 quae
2125 1399 2406 1452 vocantur
2450 1389 2921 1451 correlativarum
2968 1394 3273 1471 responsio
3311 1410 3642 1455 sermonem
3675 1393 3867 1455 reddit

313 1497 525 1576 opinor
570 1496 741 1554 nimis
787 1497 1079 1572 ieiunum,
1127 1514 1307 1575 quare
1352 1495 1735 1556 dubitaverim
1779 1515 1852 1557 an
1897 1484 2382 1557 031³—01’5v'—
2432 1502 2643 1575 poetae
2688 1497 2875 1555 minus
2920 1496 3225 1576 placuerit.

585 1597 689 1679 ¹⁰).
735 1598 924 1659 Minus
970 1608 1106 1679 apta
1148 1600 1378 1659 videtur
1435 1599 1749 1678 explicatio
1808 1599 2161 1661 scholiastae
2216 1597 2553 1682 κουφίζον,
2623 1617 2791 1677 quam
2850 1599 3061 1679 probat
3114 1600 3209 1661 Fr.
3269 1600 3393 1673 (ed.
3438 1603 3626 1674 mai.).
3718 1600 3868 1662 Nam

312 1703 455 1764 satis
501 1710 662 1764 certa
709 1703 964 1763 effectivi
1011 1706 1069 1763 in
1117 1704 1226 1764 hac
1280 1721 1431 1764 voce
1489 1721 1695 1764 sensus
1750 1705 1949 1783 reperi
2007 1699 2321 1779 nulla”)‚
2390 1705 2490 1783 qui
2548 1711 2739 1764 tamen
2796 1720 3004 1764 sensus
3060 1704 3213 1763 inest
3266 1706 3324 1764 in
3379 1721 3526 1765 voce
3582 1701 3872 1788 ἐλαφρός

312 1803 411 1887 (ΙΙ,
457 1801 603 1886 92),
656 1823 768 1886 qua
812 1807 906 1867 Fr.
958 1803 1078 1886 (ed.
1126 1804 1292 1889 min.)
1340 1825 1500 1868 suam
1546 1816 1739 1867 tuetur
1784 1809 2339 1886 interpretationem.

582 1907 686 1990 ¹¹).
736 1907 844 1969 Hic
880 1928 997 1970 non
1028 1928 1260 1990 possum
1294 1929 1411 1970 non
1443 1913 1608 1990 sequi
1628 1907 2150 1972 Wuestemannum
2184 1909 2571 1990 explicantem
2601 1902 2710 1971 ἐπ’
2724 1902 3109 1992 ἀνθρώποις
3138 1913 3197 1970 in
3229 1915 3520 1992 potestate
3552 1911 3868 1975 bominum.

583 2010 690 2092 ¹²).
736 2012 1020 2094 Exempla
1067 2013 1235 2075 affert
1277 2014 1340 2075 L.
1388 2013 1719 2076 Dindorfius
1775 2016 1834 2075 in
1892 2014 2041 2074 thes.
2101 2014 2302 2093 Steph.
2358 2012 2487 2073 Par.
2543 2011 2653 2090 ΙΙΙ,
2713 2009 2911 2091 1040,
2982 2032 3090 2073 nec
3148 2023 3206 2074 te
3262 2014 3592 2093 poenitebit
3645 2016 3863 2095 legisse

315 2116 473 2197 quod
517 2114 860 2178 brevissime
907 2118 980 2177 de
1026 2118 1144 2178 hoc
1187 2117 1507 2198 particulae
1553 2136 1660 2179 usu
1707 2117 1979 2178 admonet
2020 2116 2098 2178 M.
2146 2115 2467 2194 Seyffertus
2512 2118 2585 2177 ad
2628 2115 2781 2179 Xen.
2826 2133 2996 2178 mem.
3044 2135 3100 2197 p.
3146 2111 3188 2177 3
3232 2129 3354 2179 not.
3401 2116 3462 2177 7.

587 2237 688 2322 ¹³).
736 2239 1197 2318 Hyper-doricum
1241 2233 1509 2319 πεφιλα
1523 2241 1723 2318 μένον
1768 2236 1919 2297 haud
1965 2239 2091 2297 scio
2138 2255 2209 2298 an
2257 2241 2332 2298 sit
2381 2237 2830 2317 expungendum
2876 2240 2933 2297 in
2963 2237 3328 2316 praefatione
3359 2237 3547 2315 idyllii
3576 2235 3653 2319 (v.
3684 2257 3855 2317 supra

316 2361 375 2423 p.
421 2339 511 2425 3).
604 2342 871 2404 Similem
919 2342 992 2402 ob
1039 2360 1269 2402 causam
1315 2340 1548 2402 mallem
1592 2359 1765 2421 supra
1813 2338 1912 2421 (ad
1943 2361 2029 2401 VS.
2063 2339 2132 2421 7)
2179 2344 2523 2420 impressum
2571 2359 2703 2401 esse
2749 2333 2928 2421 ἄμῖν,
2975 2358 3091 2401 non
3137 2333 3296 2420 ἁμὶν
3342 2340 3858 2402 orthotonumenon

314 2465 465 2525 quae
511 2446 739 2507 videtur
786 2464 915 2508 esse
975 2445 1159 2506 forma
1206 2445 1437 2506 Doridis
1491 2448 1744 2524 genuina
1804 2443 1899 2525 (V.
1944 2445 2089 2506 Ahr.
2138 2444 2193 2505 d.
2242 2443 2377 2506 dial.
2426 2444 2551 2505 dor.
2600 2463 2656 2524 p.
2704 2439 2864 2520 260,
2930 2444 3030 2504 ubi
3075 2445 3361 2525 praecipit
3405 2436 3563 2526 ἁμὶν
3608 2454 3665 2504 et
3704 2435 3858 2518 ὑμὶν

314 2550 377 2610 in
420 2549 651 2611 Doricis
699 2549 984 2610 edendum
1031 2569 1165 2610 esse
1210 2550 1537 2629 ubicunque
1583 2549 1658 2610 de
1702 2549 1903 2611 ultima
1951 2548 2229 2631 producta
2276 2568 2390 2609 non
2438 2545 2711 2630 constet).

584 2667 687 2751 ¹4).
737 2669 887 2730 Vide
931 2670 1204 2731 Ahrensii
1251 2668 1386 2730 dial.
1433 2669 1606 2731 Aeol.
1654 2688 1712 2750 p.
1758 2666 1818 2735 8.
1908 2671 2000 2731 Ac
2058 2673 2232 2732 verba
2291 2672 2348 2730 in
2407 2669 2540 2745 ζειν
2598 2672 2903 2731 terminata
2957 2670 3303 2752 plerumque
3359 2689 3586 2731 sensum
3642 2670 3862 2729 habent

314 2771 834 2858 frequentativum,
904 2792 1021 2848 non
1078 2772 1498 2851 incohativum‚
1568 2782 1630 2834 ut
1684 2775 1799 2834 hoc
1855 2774 1991 2836 loco
2049 2771 2421 2854 γενειάζειν.
2513 2773 2730 2835 Tamen
2776 2792 2892 2835 non
2937 2776 3268 2855 scripserim
3311 2775 3405 2835 hic
3448 2769 3861 2855 γενειάσκων,

315 2876 473 2955 quod
518 2877 761 2937 verbum
808 2885 965 2936 extat
1010 2878 1068 2936 in
1114 2877 1246 2938 loco
1292 2875 1721 2957 Xenophonteo
1770 2896 1942 2957 quem
1990 2879 2159 2939 affert
2200 2878 2297 2943 Fr.
2343 2875 2462 2959 (ed.
2509 2877 2692 2959 mai.).

585 2996 689 3078 ¹⁵).
738 2998 801 3056 Si
851 3016 980 3058 cum
1028 2996 1303 3077 Zieglero
1351 3002 1720 3060 statuerimus
1766 3019 1799 3059 a
1845 2999 2159 3060 Theocrito
2205 3001 2481 3081 scriptum
2527 3018 2660 3062 esse

888 3093 964 3161 οὗ
1012 3096 1243 3180 μάλοις
1287 3094 1437 3162 οὐδὲ
1478 3098 1682 3186 ῥόδῳ,
1774 3103 1949 3163 facile
1994 3102 2307 3182 intelleges
2354 3121 2466 3183 qua
2509 3105 2735 3188 ratione

784 3213 842 3264 et
888 3196 962 3265 οὗ
1005 3202 1236 3285 μάλοις
1279 3198 1431 3268 οὐδὲ
1475 3203 1721 3288 ῥόδοις

784 3317 843 3368 et
887 3301 960 3369 οἰ·
1005 3306 1236 3389 μάλοις
1279 3302 1416 3371 οὐδ’
1461 3296 1559 3370 αῧ
1604 3306 1772 3392 ῥόδῳ

311 3421 497 3474 ortum
549 3415 638 3473 sit.
731 3412 858 3473 lllic
905 3417 1055 3472 enim
1103 3415 1417 3493 singularis
1462 3410 1663 3497 ῥόδῳ,
1712 3415 1808 3474 hic
1852 3418 2150 3495 spondeus
2195 3406 2346 3476 οὐδὲ
2390 3411 2514 3497 ῤ-·
2573 3415 3044 3494 interpolatorem
3093 3414 3350 3475 offendit.
3419 3450 3502 3459 —-
3569 3416 3658 3473 Ac
3705 3433 3862 3475 con-

312 3521 532 3578 iectura
580 3515 647 3576 D.
698 3517 919 3579 Heinsii
966 3513 1163 3596 (1604
1208 3538 1265 3599 p.
1311 3515 1529 3600 35311)
1580 3517 1971 3593 σέλινοις,
2042 3539 2193 3600 quae
2240 3517 2529 3598 quomodo
2578 3537 2610 3577 a
2656 3518 2941 3578 Palmerio
2987 3518 3232 3578 refutata
3290 3521 3363 3577 sit
3417 3520 3650 3594 nesci0,
3720 3518 3861 3577 mihi

315 3620 591 3700 displicet
636 3621 793 3699 quod
842 3623 917 3681 ita
964 3629 1100 3700 post
1142 3639 1314 3700 poma
1360 3631 1419 3681 et
1465 3620 1645 3682 flores
1688 3626 1892 3682 iterum
1941 3631 2467 3685 commemorantur
2513 3621 2717 3699 flores,
2765 3641 2895 3683 cum
2939 3642 3088 3683 voce
3131 3626 3427 3693 κικίννοις
3473 3621 3862 3682 munusculo-

310 3742 439 3784 rum
482 3743 670 3803 genus
716 3725 989 3785 afferatur
1032 3742 1264 3785 novum.
1355 3724 1707 3804 Quamquam
1756 3726 2072 3787 litterarum
2123 3728 2326 3788 ductus
2372 3728 2672 3805 utriusque
2716 3726 2987 3787 vocabuli
3033 3726 3180 3787 baud
3227 3725 3397 3786 valde
3443 3727 3730 3786 differunt.

583 3840 686 3924 ¹⁶).
736 3844 835 3904 Sic
879 3847 1292 3924 interpretatus
1335 3844 1564 3905 videtur
1609 3863 1738 3906 esse
1786 3844 2142 3907 Winsemius
2189 3845 2416 3926 (confer
2459 3845 2529 3906 D.
2577 3846 2798 3907 Heinsii
2845 3847 2982 3909 edit.
3028 3845 3307 3908 Commel.
3358 3843 3540 3910 1604.
3586 3863 3643 3925 p.
3685 3842 3854 3925 101),

310 3949 413 4026 qui
460 3949 665 4007 vertit:
713 3948 907 4028 Saepe
953 3965 1094 4007 oves
1140 3947 1212 4007 ad
1259 3948 1413 4008 ovile
1457 3949 1578 4008 sine
1624 3948 1761 4009 duce
1806 3969 1912 4009 sua
1956 3957 2151 4029 sponte
2193 3949 2455 4010 redibant
2498 3959 2607 4011 cet.
2668 3984 2745 3994 -—
2816 3952 2905 4011 Ac
2949 3950 3189 4010 formam
3238 3942 3567 4031 ἅπῆνθον
3614 3957 3851 4029 praetu-

314 4050 459 4110 lisse
503 4049 733 4110 videtur
780 4049 1126 4111 Theocritus
1171 4053 1230 4109 in
1277 4050 1625 4111 carminibus
1671 4052 1952 4112 bucolicis
2001 4062 2059 4113 ct
2105 4055 2380 4130 mimici5‚
2435 4053 2530 4114 hic
2577 4061 2766 4114 tamen
2813 4056 2870 4112 in
2917 4052 3281 4133 praefatione
3326 4052 3636 4114 secundum
3679 4046 3844 4109 codd.

308 4152 447 4220 61)
502 4154 562 4211 P
603 4143 941 4232 ἀπῆλθον
986 4171 1118 4213 esse
1163 4153 1557 4233 reponendum
1605 4157 1890 4216 existimo.

581 4269 686 4353 ¹⁷).
736 4264 964 4334 Αὖτεῖ
1001 4292 1075 4333 ex
1118 4273 1343 4334 Heinsii
1388 4277 1720 4336 coniectura
1766 4275 2065 4352 scribitur,
2133 4276 2236 4336 sed
2284 4279 2570 4354 agrestius
2613 4276 2841 4336 videtur
2885 4278 2944 4336 in
2988 4275 3382 4353 praefatione,
3450 4291 3640 4352 neque
3683 4270 3859 4332 aliter

310 4375 503 4437 iudico
552 4375 627 4436 de
673 4375 910 4454 vulgata
954 4368 1178 4453 αὐτῶ,
1225 4397 1407 4456 quare
1451 4378 1622 4441 codd.
1670 4379 1976 4441 meliorum
2022 4378 2336 4440 lectionem
2381 4371 2613 4441 αὐτοῦ
2657 4397 2691 4438 a
2733 4378 2827 4440 Fr.
2875 4387 3168 4459 receptam
3212 4397 3345 4440 esse
3391 4379 3640 4441 mallem.

581 4495 685 4579 ¹⁸).
736 4496 955 4558 Confer
1000 4515 1150 4576 quae
1193 4508 1386 4559 narrat
1431 4498 1724 4560 Greverus
1771 4495 2003 4580 (Eleine
2031 4495 2340 4582 ffieitrdge)
2387 4499 2459 4560 ad
2502 4498 2637 4576 vll,
2683 4495 2788 4559 58.
2876 4497 3064 4560 Etiam
3107 4500 3204 4559 hic
3246 4508 3489 4578 propter
3532 4498 3868 4580 praefatio-

304 4603 398 4662 nis
445 4600 799 4680 elegantiam
845 4601 1220 4681 praetulerim
1267 4603 1506 4664 formam
1551 4612 1869 4683 φυκιοέσο·
1881 4624 1976 4684 ης.
2602 4605 2608 4612 ‘

544 4826 594 4892 ⁴')
650 4824 758 4877 Nisi
797 4826 931 4877 forte
970 4824 1300 4876 scribendum
1337 4832 1417 4877 est
1462 4804 1752 4892 Κύκλωψ
1797 4806 1885 4882 εἷς
1929 4806 2325 4871 Γαλάτειαν.

518 4931 591 4998 ”J
649 4931 962 4998 Thucydidis
1010 4909 1267 4996 κούφη
1311 4910 1540 4986 ἐλπὶς
1585 4944 1613 4979 a
1654 4928 1917 4994 Stephano
1955 4936 2099 4980 recte
2140 4927 2451 4994 explicatum
2488 4934 2567 4978 est
2601 4943 2707 4992 spes
2741 4925 3113 4978 inconsiderata.
