4167 5517
2068 317 2117 387 4

575 530 728 600 ταῖς
769 526 959 588 ἐννέα
1005 521 1082 608 δὴ
1119 522 1568 607 πεφιλημένον
1587 522 1672 606 ¹⁸)
1717 520 1914 605 ἔξοχα
1939 526 2270 599 Μοίσαις,
2316 524 2405 584 sic
2450 522 2721 584 similiter
2763 523 2809 600 1,
2859 519 2979 583 141
3029 522 3394 603 Daphnidem
3439 536 3739 592 cantorem
3788 536 3891 596 in-

315 631 551 712 §ignem
594 625 715 693 τὸν
757 625 1050 702 Μοίσαις
1093 625 1288 710 φίλον
1333 618 1546 711 ἄνδρα
1559 672 1578 702 ,
1623 623 1744 691 τὸν
1788 617 1864 689 od
1909 623 2299 710 Νύμφαισιν
2342 618 2637 710 ἀπεχθῆ.
2914 715 2922 728 ,

578 750 707 812 Vss.
756 739 1014 811 7—19.
1101 744 1476 827 Remedii,
1531 749 1722 827 inquit
1767 753 1974 828 poeta,
2036 747 2484 811 efficacitas
2531 749 3069 829 comprobatur
3116 750 3456 833 exemplo
3500 751 3872 840 Cyclopis,

316 856 441 935 qui
501 851 1127 916 adulescentulus
1185 850 1483 935 perdite
1541 868 1790 915 amans
1835 850 2212 915 Galateam
2272 854 2512 913 omnia
2570 851 3027 932 posthabuit
3085 852 3558 936 puellamque
3599 876 3873 923 canens

316 969 406 1022 ex
448 957 764 1020 vulnere
808 955 1132 1019 Veneris
1176 957 1602 1031 'contabuit3
1671 957 1797 1018 sed
1843 958 2006 1037 ipse
2051 965 2306 1017 cantus
2353 955 2498 1016 fnit
2539 956 2960 1017 remedium.

574 1075 682 1138 Vs.
729 1075 766 1136 7
816 1068 852 1140 ὅ
897 1067 1060 1161 παρ’
1107 1068 1267 1157 ἆμὶν
1311 1080 1350 1139 i.
1398 1097 1450 1142 e.
1502 1080 1562 1139 in
1594 1077 1831 1155 Sicilia,
1880 1074 1977 1138 ubi
2025 1072 2317 1155 Cyclopes
2364 1087 2420 1137 et
2455 1076 2883 1156 Laestrygones
2912 1076 3150 1138 Homeri
3194 1077 3492 1142 habitasse
3534 1083 3717 1163 vulgo
3757 1106 3877 1166 pn-

325 1180 612 1244 tabantur.
702 1180 1016 1243 Praeterea
1065 1191 1123 1242 et
1167 1183 1224 1243 in
1270 1179 1483 1243 isthmo
1518 1180 1823 1243 Corinthio
1868 1200 1982 1241 una
2029 1199 2160 1241 cum
2193 1177 2498 1260 Neptuno,
2543 1181 2928 1258 Palaemone,
2973 1182 3212 1261 reliquis
3258 1182 3384 1244 deis
3428 1189 3665 1248 marinis
3710 1190 3881 1253 cole-

315 1284 530 1350 bantur
576 1285 898 1368 Cyclopes,
945 1296 1004 1347 et
1043 1283 1285 1347 Athenis
1329 1286 1581 1347 tumulus
1626 1282 1857 1366 quidam
1903 1282 2305 1346 ascribebatur
2350 1283 2630 1345 Geraesto
2683 1281 2929 1365 Cyclopi
2975 1281 3057 1366 (v.
3091 1284 3336 1348 Prelleri
3383 1290 3628 1368 mythol.
3659 1311 3872 1371 graeca

323 1393 421 1456 ed.
465 1391 510 1453 1.
556 1391 581 1452 l
638 1413 696 1473 p.
738 1385 868 1452 388
912 1387 1069 1472 sqq.)

582 1513 687 1577 Vs.
734 1510 795 1575 8.
867 1499 1002 1575 ‘'Ox’
1049 1500 1258 1595 ἤρατο
1301 1510 1423 1585 τᾶς
1467 1508 1855 1585 Γαλατείας.
1947 1509 2051 1571 His
2094 1509 2291 1570 verbis
2339 1508 2591 1589 Cyclops
2638 1508 2984 1571 describitur
3027 1509 3397 1592 adulescens,
3442 1524 3506 1575 ut
3547 1520 3883 1582 accuratius

316 1636 409 1680 vs.
454 1620 741 1697 sequenti.
2530 1616 2532 1619 ⁴

584 1737 684 1799 Vs.
717 1734 760 1798 9
803 1732 1198 1818 γενειάσδων
1242 1756 1358 1797 non
1390 1736 1694 1796 Dorismus
1740 1745 1831 1796 est
1876 1735 1981 1796 sed
2026 1734 2359 1795 Aeolismus
2405 1738 2677 1815 proprius
2713 1732 2999 1795 Aeolibus
3028 1733 3379 1816 Asianis14).
3469 1736 3654 1811 Quare
3698 1747 3877 1821 poeta

320 1839 420 1934 hic
466 1842 551 1901 uti
598 1840 831 1901 videtur
877 1840 1171 1917 elegantia
1218 1839 1495 1919 quadam,
1544 1847 1676 1920 apta
1721 1840 2019 1900 coloribus
2064 1840 2441 1919 praefationis
2486 1839 2848 1900 cultioribus,

583 1961 686 2022 Vs.
732 1958 776 2021 9
823 1981 950 2021 cum
997 1959 1252 2041 Cyclops
1299 1960 1662 2021 describatur
1706 1959 2180 2021 adulescentulus
2223 1962 2438 2020 misere
2474 1977 2702 2034 amans,
2750 1960 3000 2022 narratio
3031 1960 3094 2019 fit
3124 1959 3519 2041 lepidissima,
3566 1967 3660 2025 cui
3688 1965 3876 2047 lepori

321 2068 570 2145 egregie
615 2067 885 2140 inservit,
931 2064 1089 2143 quod

581 2203 668 2245 vs,
719 2181 905 2265 101⁵)
964 2192 1344 2245 recensentur
1402 2201 1641 2243 munera
1702 2201 1851 2261 quae
1897 2182 2198 2244 Theocriti
2242 2183 2603 2264 temporibus
2658 2193 2950 2246 amatores
3007 2184 3223 2265 puellis
3267 2189 3472 2248 amatis
3515 2187 3726 2249 offerre
3776 2189 3878 2248 vel

320 2290 549 2350 mittere
595 2290 880 2350 solebant.
969 2290 1086 2349 Iam
1132 2289 1222 2348 his

583 2429 671 2469 vs.
723 2406 796 2469 ll
860 2411 1177 2489 opponitur
1230 2410 1468 2469 insanus
1526 2424 1691 2467 amor
1746 2404 2114 2487 Polyphemi.
2201 2409 2397 2488 Atque
2443 2409 2656 2470 furoris
2702 2409 2935 2489 quidem
2981 2411 3247 2491 exempla
3292 2414 3352 2474 in
3406 2413 3534 2494 ipsa
3592 2414 3884 2475 cantilena

321 2514 589 2598 reperies
635 2512 940 2589 nonnulla,
1011 2513 1191 2573 veluti
1239 2514 1396 2593 cupit
1437 2510 1750 2590 branchia,
1816 2510 1993 2573 nandi
2043 2522 2223 2573 artem
2268 2512 2392 2574 vult
2439 2513 2699 2590 discere,
2770 2524 2945 2594 caput
2988 2534 3058 2577 ac
3104 2532 3272 2578 crura
3318 2525 3408 2578 est
3447 2518 3880 2578 verberaturuS.

321 2618 585 2697 Itemque
629 2636 802 2677 versu
847 2619 1117 2695 sequenti
3248 2603 3269 2624 ²

582 2757 669 2799 vs.
720 2735 799 2797 12
857 2737 1187 2817 exemplum
1245 2736 1482 2796 affertur
1542 2736 1980 2815 neglegentiae.
2071 2737 2182 2811 Qui
2228 2756 2432 2799 versus
2474 2757 2624 2798 -cum
2666 2735 2752 2800 65
2786 2721 3231 2821 ’(ποιμαίνειν)
3290 2749 3349 2800 et
3402 2738 3487 2800 74
3542 2731 3872 2824 (ἄρνεσσι)

326 2842 573 2904 collatus
620 2840 791 2901 docet
836 2839 1254 2920 Polyphemum
1301 2837 1396 2899 hic
1440 2837 1633 2899 induci
1682 2840 2027 2920 opilionem,
2082 2859 2210 2902 cum
2258 2842 2409 2923 apud
2455 2841 2771 2903 Homerum
2818 2852 2876 2904 et
2920 2845 3193 2925 opilionis
3238 2853 3296 2904 et
3340 2845 3587 2925 caprarii
3633 2864 3876 2907 munere

326 2948 629 3027 fungatur,
676 2945 828 3026 apud
872 2944 1211 3023 Euripidem
1257 2951 1562 3024 praeterea
1605 2942 1862 3005 bubulci.

586 3041 796 3109 Αὓταὶ
853 3046 1295 3127 comprehendit
1354 3046 1510 3125 quod
1567 3050 1889 3107 accuratius
1944 3046 2056 3108 dici
2104 3052 2292 3129 potuit
2335 3048 2578 3110 vocibus
2621 3044 2821 3130 μόναι
2868 3059 2926 3110 et
2969 3042 3466 3132 αὕτόματαιῑθ).
3557 3050 3873 3129 Utrumque

329 3157 484 3215 enim
544 3154 794 3233 pastoris
854 3160 943 3211 est
1001 3150 1374 3229 neglegentis
1430 3169 1555 3210 cum
1618 3151 1846 3211 domum
1905 3170 2046 3212 oves
2105 3170 2219 3211 non
2277 3152 2561 3213 reducere
2620 3164 2737 3214 tum
2796 3158 2921 3214 eius
2976 3158 3063 3215 rei
3118 3175 3191 3215 ne
3238 3158 3569 3216 meminisse
3616 3153 3869 3233 quidem.

321 3258 471 3320 Nam
518 3259 567 3316 si
616 3275 758 3317 oves
807 3275 913 3314 sua
956 3262 1150 3333 sponte
1196 3255 1443 3314 rediisse
1490 3253 1786 3331 dicuntur,
1834 3258 2050 3335 pastori
2099 3273 2293 3317 earum
2340 3276 2457 3317 non
2502 3259 2557 3316 in
2605 3269 2855 3319 mentem
2898 3262 3133 3319 venisse
3179 3252 3582 3322 iudicabimus,

587 3376 689 3436 Vs,
740 3372 841 3434 14.
931 3365 1118 3434 Aer&
1145 3372 1227 3455 ¹⁷)
1257 3407 1334 3417 —
1364 3370 1769 3435 κατετάκετο
1826 3377 1864 3436 i.
1914 3394 1967 3435 e.
2016 3376 2325 3455 liquebatur
2370 3376 2502 3458 (Ov.
2550 3391 2683 3440 met.
2730 3376 2792 3455 3,
2839 3377 2991 3461 490)
3040 3381 3521 3462 quemadmodum
3567 3383 3666 3441 nix
3709 3380 3872 3457 solie,

332 3501 464 3541 cera
512 3485 665 3557 iguis
713 3481 937 3553 salure,
985 3497 1137 3557 quae
1185 3477 1413 3557 quidem
1459 3480 1655 3556 imago
1705 3482 1952 3540 omnium
2001 3482 2261 3574 gentium
2304 3485 2495 3561 poetis
2540 3482 2771 3542 videtur
2818 3501 2950 3543 esse
2996 3489 3205 3547 usitata
3253 3487 3322 3545 de
3366 3490 3620 3545 amatore
3662 3484 3874 3546 sollici-

328 3585 516 3649 tudine
564 3589 777 3645 umoris
817 3589 1209 3645 marcescente.

588 3689 989 3769 Φυκιῡέσσης
1013 3685 1113 3765 ffl‘J.
1205 3685 1269 3745 In
1311 3686 1483 3746 litore
1527 3686 1702 3767 plano
1757 3697 1891 3767 post
1937 3696 2199 3748 aestuum
2244 3706 2536 3748 recessum
2583 3688 2795 3749 limites
2840 3693 3013 3751 maris
3060 3690 3348 3768 conspicis
3393 3689 3545 3769 algis
3591 3690 3878 3768 obtectos,

328 3813 504 3873 quare
552 3797 665 3853 iam
713 3789 965 3849 Humerus
1013 3789 1125 3861 {rig
1173 3789 1275 3849 fuit
1317 3784 1619 3871 φυκιόεις.

587 3913 649 3973 In
697 3913 973 3992 proximis
1021 3908 1292 3969 notabilis
1338 3917 1427 3969 est
1459 3929 1668 3988 pressa
1714 3901 1936 3970 dicendi
1979 3913 2163 3988 copia.
2253 3912 2481 3973 Etenim

584 4053 673 4093 rs.
725 4033 801 4093 15
849 4033 1101 4110 Cyclops
1153 4032 1302 4092 canit
1347 4029 1644 4092 Galateam
1688 4047 1855 4092 suam
1899 4029 1978 4103 ἐξ
2022 4023 2170 4091 αόὗ
2192 4053 2221 4104 ς
2265 4036 2304 4094 i.
2340 4051 2393 4093 e.
2440 4056 2478 4094 a
2512 4036 2703 4112 primo
2747 4052 2933 4093 mane.
3022 4030 3125 4091 Vs.
3158 4038 3348 4090 autem
3379 4028 3464 4091 40
3508 4034 3662 4095 canit
3696 4029 3870 4089 muita

324 4145 500 4201 necte.
592 4137 857 4217 Apparet
905 4137 1081 4213 igitur
1125 4136 1383 4197 insaniae
1427 4136 1595 4214 quasi
1641 4137 1959 4195 constantia
2006 4135 2309 4213 quaedam.

588 4261 661 4317 At
721 4277 833 4317 non
897 4261 1165 4333 congruit
1221 4275 1350 4315 cum
1406 4254 1654 4316 remedii
1714 4255 1984 4316 laudibus
2043 4256 2203 4334 quod
2248 4255 2641 4337 Polyphemus
2685 4255 2781 4315 hic
2826 4275 3035 4316 canens
3078 4254 3422 4337 tabescam).
3507 4253 3685 4328 Quasi
3729 4267 3869 4313 vero

332 4365 520 4421 numia
568 4361 825 4421 remedia
877 4361 1213 4421 medeantur
1257 4362 1557 4420 continuo.
1645 4359 1903 4420 Proinde
1941 4369 2022 4438 tu,
2070 4361 2122 4419 si
2161 4358 2550 4441 Polyphemus
2575 4377 2693 4420 non
2715 4359 2876 4421 illico
2901 4370 3154 4438 curatur,
3200 4378 3340 4422 cave
3364 4358 3588 4419 iudices
3620 4356 3870 4417 medici-

328 4485 456 4525 nam
520 4485 649 4525 esse
709 4485 961 4545 pravam.
1049 4465 1311 4541 Namque
1367 4482 1772 4541 saepenwmero
1833 4472 2008 4542 atque
2053 4464 2280 4525 assidue
2323 4463 2715 4525 adhibendum
2760 4473 2959 4526 estut
3002 4467 3282 4546 pleraque
3327 4467 3413 4526 sic
3452 4463 3569 4524 hoc
3612 4460 3874 4522 medica-

327 4577 616 4645 mentum,
689 4589 813 4629 cum
873 4570 929 4625 in
989 4565 1117 4625 dies
1173 4569 1269 4626 fiat
1325 4565 1642 4626 efficacius,
1721 4565 1962 4644 Quare,
2030 4570 2142 4628 etsi
2202 4571 2261 4628 in
2317 4569 2603 4630 cantilena
2661 4568 2914 4650 Cyclops
2970 4571 3206 4650 fingitur
3262 4589 3471 4631 canens
3513 4566 3877 4643 canendoque

324 4677 620 4733 sanita-iem
669 4673 869 4729 mentis
913 4689 1284 4749 recuperans,
1328 4678 1544 4745 tamen,
1598 4678 1864 4750 utsupra
1897 4670 2202 4748 admonui,
2248 4690 2364 4732 non
2408 4676 2643 4752 penitus
2687 4694 2861 4735 sanus
2906 4685 2993 4735 est
3038 4671 3473 4733 existimandus.
3531 4668 3673 4728 Nam
3710 4668 3878 4729 reci-

328 4781 412 4837 dit
456 4781 512 4837 in
556 4777 893 4837 ‘vecordium
941 4785 1296 4857 posteroque
1340 4774 1437 4835 die
1480 4789 1677 4834 rursus
1731 4783 1906 4860 *cantu
1962 4774 2153 4834 lenire
2209 4774 2403 4835 studet
2457 4775 2743 4838 morbum.
2831 4776 2990 4855 Ergo
3034 4782 3212 4855 poeta
3259 4771 3523 4835 consulto
3569 4788 3686 4830 non
3728 4770 3884 4831 dixit

324 4881 484 4941 illum
532 4881 745 4941 factum
793 4897 925 4937 esse
969 4901 1201 4957 sanum,
1245 4875 1351 4938 sed
1395 4872 1644 4959 ῥάϊστα
1689 4869 1858 4957 διᾶγ’
1906 4873 2018 4958 (νε.
2066 4875 2167 4959 7),
2214 4878 2602 4957 ἐποίμαινεν
2642 4874 2763 4941 τὸν
2804 4876 3020 4962 ἔρωτα
3065 4876 3145 4958 (ν.
3192 4873 3323 4957 80).
