4167 5517
2209 373 2251 440 5

698 588 931 651 Deinde
975 601 1133 645 voce
1179 577 1316 643 mx
1333 602 1410 655 ος
1454 575 1933 640 adulescentulus
1976 584 2179 637 noster
2221 577 2485 657 pingitur
2530 573 2782 636 Veneris
2821 574 2960 638 telis
3003 573 3373 650 vulneratus,
3417 561 3912 653 ¹quemadmodum
3959 576 4018 635 in

438 699 703 762 carmine
749 692 1107 755 Theocriteo
1171 684 1356 766 nuper
1413 687 1650 744 invento
1700 680 2031 761 (Fritzschii
2080 679 2174 740 ed.
2223 681 2358 742 mai.
2405 677 2598 761 XXX)
2644 685 2819 759 poeta
2865 681 2995 759 ipse
3039 680 3449 758 amorecpueri
3495 689 3698 759 captus
3743 677 3855 759 (νε.
3905 676 4021 742 11:

436 800 528 875 εἰς
574 789 753 862 οἷκον
800 787 856 855 δ’
908 785 1176 871 α’πέβαν
1219 785 1443 860 ἕλκος
1488 783 1755 865 ἔχων).

705 900 854 961 Τιιιιι
898 888 1418 976 ὖποκοὶρδιον
1460 891 1719 951 suaviter
1764 886 2068 948 adumbrat
2112 888 2324 947 amoris
2370 887 2655 948 ardorem.

704 1003 974 1079 Denique
1017 994 1267 1079 μεγάλη
1317 993 1605 1076 appellari
1652 992 1882 1052 videtur
1926 990 2129 1052 Venus
2174 989 2330 1069 quod
2377 986 2601 1051 animos
2646 996 2881 1050 coercet
2924 989 3247 1050 mortalium
3293 992 3556 1051 omnium.

708 1105 769 1166 ln
819 1123 928 1184 qua
974 1102 1209 1182 quidem
1257 1117 1457 1161 rerum
1506 1099 1670 1177 quasi
1718 1094 2105 1172 abundantia,
2148 1095 2462 1155 verborum
2507 1094 2862 1174 parsimonia
2907 1092 3053 1154 nihil
3085 1093 3190 1154 tihi
3222 1092 3460 1153 habebit
3489 1094 3828 1155 offensionis
3859 1093 4018 1173 quod

443 1205 711 1295 ἥπατι
744 1210 965 1270 dativus
1000 1225 1130 1267 cum
1162 1197 1493 1285 πηγνύναι
1519 1203 1865 1261 coniunctus
1890 1217 1998 1278 pro
2029 1199 2267 1260 locativo
2301 1206 2410 1275 est,
2441 1205 2502 1256 ut
2532 1195 2641 1257 Od.
2672 1191 2731 1273 λ,
2769 1192 2892 1260 129
2921 1198 3060 1276 γαί
3068 1218 3109 1282 ῃ
3138 1192 3348 1280 πήξας
3377 1187 3594 1279 εὕῆρες
3622 1192 4015 1280 ἑρετμόν.20)

706 1312 828 1373 Jam
874 1313 925 1372 si
972 1296 1162 1392 εὗρε
1211 1305 1324 1386 (νε.
1378 1302 1483 1386 17)
1532 1322 1662 1364 cum
1711 1305 1781 1362 iis
1826 1303 2258 1381 comparaveris
2305 1318 2456 1379 quae
2502 1300 2674 1360 modo
2724 1299 3042 1382 disputavi,
3090 1299 3583 1380 interpretandum
3628 1301 3732 1361 tihi
3774 1299 4016 1360 videbi-

440 1430 570 1484 tur:
620 1415 934 1479 remedium
986 1416 1321 1484 invenerat,
1375 1411 1595 1489 quippe
1641 1409 1741 1486 qui
1786 1422 1999 1465 canere
2045 1414 2390 1465 consuesset
2434 1393 2649 1479 (ἄειδε
2685 1422 2772 1464 νε.
2811 1399 2945 1476 18).
3037 1403 3407 1485 Quapropter
3451 1405 3547 1465 hic
3591 1406 3898 1485 respicitur
3941 1403 4015 1465 ad

443 1542 527 1583 νε.
578 1519 687 1598 13,
756 1521 855 1580 uhi
919 1526 1161 1579 cantare
1228 1532 1355 1573 eum
1414 1511 1652 1573 solitum
1712 1528 1843 1569 esse
1901 1507 2191 1568 narratum
2247 1517 2390 1569 erat.
2482 1509 2585 1568 Sin
2643 1517 2833 1569 autem
2889 1492 3037 1590 εὗρε
3089 1509 3186 1569 hic
3233 1517 3391 1569 esset
3433 1510 3655 1569 invenit
3697 1514 3810 1581 (sc.
3857 1506 4016 1587 quod

443 1626 694 1688 nondum
732 1623 1027 1696 tenebat),
1078 1622 1135 1679 in
1181 1619 1450 1698 sequenti
1497 1633 1671 1676 versu
1719 1613 2063 1693 imperfecto
2112 1601 2294 1672 ἄειδε
2340 1611 2505 1673 locus
2552 1620 2709 1672 esset
2752 1610 2968 1673 nullus.

700 1743 779 1805 Ut
825 1760 999 1821 supra
1044 1759 1194 1800 voce
1239 1742 1632 1821 φυκιοέσσης
1678 1739 1764 1798 sic
1811 1734 1925 1795 hoc
1969 1734 2107 1794 loco
2154 1731 2352 1792 verbis
2397 1733 2536 1794 ἐπὶ
2579 1736 2887 1815 πέτρας
2929 1728 3487 1813 καθεζόμενος
3540 1738 3717 1811 poeta
3763 1750 4015 1812 expres-

438 1852 588 1911 sisse
634 1848 871 1908 videtur
915 1847 1255 1918 veritatem,
1306 1861 1437 1902 nam
1483 1844 1543 1901 in
1588 1860 1659 1901 ea
1706 1840 1949 1900 Siciliae
1994 1845 2164 1918 parte
2211 1855 2361 1916 quae
2408 1837 2647 1917 propius
2694 1845 2784 1896 est
2829 1835 2974 1896 solis
3020 1846 3204 1897 ortum
3253 1836 3415 1897 multi
3460 1845 3591 1897 sunt
3635 1836 3883 1915 scopuli.

704 1965 768 2026 In
827 1984 893 2025 re
954 1966 1296 2043 gravissima
1357 1974 1415 2024 et
1470 1971 1742 2041 tanquam
1790 1960 2026 2022 cardine
2073 1958 2261 2036 idyllii
2310 1957 2433 2019 noli
2478 1976 2697 2037 quaeso
2747 1959 2943 2019 mirari
2991 1957 3147 2037 quod
3194 1961 3400 2019 iterum
3448 1957 3790 2018 admoneam
3834 1947 4016 2018 ἄειδε

437 2067 732 2134 τοιαῦτα
776 2068 1114 2128 vertendum
1165 2085 1326 2128 esse:
1373 2067 1512 2128 talia
1561 2072 1857 2127 consuerat
1902 2082 2134 2124 canere.
2228 2061 2493 2140 Namque
2525 2059 2868 2121 Theocritus
2899 2079 3232 2143 proponere
3276 2049 3506 2122 videtur
3551 2062 3736 2121 amico
3767 2060 3842 2120 ad
3871 2063 4012 2121 imi-

441 2173 677 2234 tandum
727 2172 1061 2253 exemplum
1111 2173 1531 2233 carminum
1577 2169 2164 2230 cottidianorum
2212 2176 2309 2227 aut
2352 2165 2557 2227 saltem
2603 2165 3053 2228 crebrorum.

698 2296 868 2357 Nunc
913 2299 972 2355 in
1018 2297 1146 2375 ipsa
1195 2293 1533 2353 fistulatoris
1576 2290 1864 2352 cantilena
1910 2291 2159 2369 primum

700 2437 817 2479 vss.
870 2412 1150 2476 19-29
1197 2416 1391 2493 agitur
1438 2413 1515 2474 de
1560 2411 1794 2473 fastidio
1827 2409 2106 2471 Galateae
2153 2418 2212 2470 et
2256 2412 2485 2472 sincero
2518 2408 2795 2490 Cyclopis
2826 2427 3046 2471 amore.
3113 2411 3312 2490 Atque
3340 2427 3457 2470 vas.
3491 2408 3725 2489 quidem
3759 2404 4013 2470 19—24

435 2523 729 2584 inducitur
773 2520 879 2581 ille
925 2519 1139 2579 canens
1184 2518 1358 2578 haec:

698 2624 957 2684 Reicis
1002 2639 1142 2696 me,
1189 2620 1443 2699 puella
1491 2618 2006 2699 pulcherrima
2053 2611 2390 2698 (19—21)
2437 2621 2784 2697 omnique
2828 2616 3040 2678 modo
3085 2635 3191 2677 me
3236 2617 3440 2696 fugis
3485 2613 3835 2700 (22—24).
3883 2685 3898 2700 .

700 2725 766 2787 In
796 2743 973 2786 versu
1006 2731 1199 2783 autem
1237 2718 1318 2781 19
1362 2740 1574 2783 vereor
1616 2741 1695 2784 ne
1741 2731 1798 2782 te
1845 2720 2105 2782 offendat
2150 2719 2305 2798 quod
2337 2720 2576 2782 Galatea
2622 2720 2949 2802 appellatur
2992 2716 3274 2797 λευκά,
3319 2723 3665 2801 praesertim
3712 2739 3839 2781 cum
3884 2731 4011 2783 sta-

442 2833 546 2891 tim
603 2829 695 2910 (v.
741 2827 862 2911 20)
924 2830 1151 2889 dicatur
1214 2822 1665 2908 λευκοτέρα
1723 2823 2074 2899 πακτᾶς,
2147 2826 2302 2905 quod
2359 2828 2614 2886 ieiunum
2671 2835 2730 2885 et
2792 2825 2950 2886 exile
3009 2834 3207 2905 potest
3262 2824 3469 2886 videri.
3582 2825 3700 2885 Sed
3754 2825 4013 2906 loquitur

445 2932 733 3011 Cyclops,
798 2936 836 2994 i.
885 2953 937 2994 e.
985 2941 1188 3013 pastor
1234 2929 1582 2992 adulescens
1628 2939 1686 2990 et
1731 2931 2013 3008 agrestiS‚
2081 2930 2429 3009 videturque
2476 2930 2775 3009 epitheton
2819 2925 3017 2990 λευκὰ
3065 2927 3344 2989 Galateae
3388 2929 3570 2988 fuisse
3615 2928 4009 3009 traditum.²¹)

442 3036 655 3115 Neque
701 3053 875 3113 porro
922 3035 1084 3096 color
1135 3033 1419 3095 candidus
1465 3036 1729 3094 minuere
1775 3032 2082 3114 putabatur
2128 3031 2616 3113 pulchritudinem
2663 3041 2761 3092 aut
2807 3035 2864 3092 in
2909 3032 3214 3111 viryinibus
3260 3034 3444 3091 autin
3478 3033 3677 3109 pueris
3687 3079 3709 3109 ,
3755 3032 4010 3112 putaba-

442 3149 539 3199 tur
583 3141 641 3198 in
686 3134 922 3216 viri8.*)

709 3241 799 3299 Ac
843 3258 917 3299 ne
964 3241 1020 3298 in
1062 3259 1147 3302 vs.
1174 3238 1260 3300 20
1307 3243 1576 3318 cuiquam
1622 3247 1881 3299 nostrum
1929 3240 2213 3301 obscurus
2257 3241 2365 3300 sim
2411 3237 2683 3301 πακτὰν
2728 3241 3066 3316 germanice
3110 3240 3498 3318 interpretans
3543 3236 3780 3319 Duarf,
3824 3239 4007 3300 verbo

438 3361 836 3406 commemoro
882 3338 1154 3404 πακτὰν
1203 3348 1381 3406 attice
1428 3362 1562 3404 esse
1605 3338 2014 3423 τροφαλίδα,
2074 3346 2112 3406 i.
2163 3363 2253 3420 e.,
2315 3362 2551 3404 caseum
2599 3343 2791 3404 album
2851 3345 2950 3420 qui
2997 3352 3257 3403 remanet
3303 3344 3360 3402 in
3420 3342 3659 3402 fiscellis
3713 3339 3813 3421 (ἐν
3855 3363 4008 3424 ταρ-

433 3453 609 3522 σοῖς,
654 3442 996 3528 ταλάροις)
1041 3448 1140 3507 ubi
1189 3467 1221 3507 e
1266 3449 1418 3508 lacte
1467 3456 1745 3508 concreto
1793 3444 2160 3507 defluxerunt
2203 3449 2477 3508 humores
2522 3450 2647 3508 sive
2692 3466 2883 3507 serum
2932 3436 3151 3528 (δρός).
3227 3445 3419 3524 Atque
3463 3455 3524 3507 ut
3565 3447 3660 3507 hic
3703 3465 4011 3507 commen-

433 3555 616 3612 tarius
660 3569 859 3628 meuS,
907 3552 995 3610 sic
1042 3550 1195 3630 apud
1246 3559 1476 3630 poe'tam
1521 3553 1618 3612 hic
1662 3559 1815 3612 totus
1862 3550 2027 3610 locus
2073 3550 2199 3611 olet
2243 3550 2575 3627 coagulum.
2665 3550 2897 3610 Etenim

698 3691 813 3733 vss.
861 3667 949 3732 20
994 3679 1054 3731 et
1099 3667 1176 3729 21
1236 3671 1425 3750 opilio
1486 3683 1688 3734 noster
1728 3671 2047 3733 Nereidem
2105 3681 2406 3751 comparat
2452 3690 2580 3732 cum
2621 3672 2801 3732 rebus
2847 3689 2954 3732 usu
3001 3674 3319 3751 pastos-icio
3365 3670 3479 3733 sihi
3523 3671 3673 3732 tritis
3713 3688 3787 3731 ac
3831 3669 4010 3730 fami-

440 3774 716 3853 liaribus,
763 3775 916 3836 unde
952 3778 1171 3836 mirum
1222 3783 1493 3852 quantum
1540 3779 1721 3835 oritur
1765 3776 1991 3854 gratiae
2036 3774 2434 3855 lepidissimae
2453 3773 2564 3854 ΞΕ).

698 3879 830 3941 dam
872 3881 934 3938 ‘in
980 3896 1195 3939 canora
1245 3877 1454 3938 horum
1498 3895 1768 3938 versuum
1812 3878 2208 3938 concinnitate
2250 3880 2349 3940 vix
2393 3882 2614 3940 senties
2649 3878 2848 3940 duram
2877 3878 3042 3940 verbi
3068 3869 3231 3959 ⁸22³)
3266 3880 3860 3959 praetermissionem.
3935 3879 4010 3942 Et

445 3988 540 4041 est
581 3979 973 4061 Polyphemus
1019 3985 1161 4043 satis
1209 3989 1536 4042 commotus
1582 3997 1651 4040 ac
1695 3983 1979 4057 gravitate
2026 3981 2272 4059 quadam
2319 3983 2574 4062 puellam
2629 3982 2922 4062 implorat.
3025 3981 3225 4057 Quare
3282 4001 3370 4043 vs.
3417 3979 3497 4042 21
3558 3980 3723 4043 molli
3759 3984 4008 4048 brachio

438 4083 767 4162 obiurgare
809 4084 967 4145 illam
1015 4099 1212 4163 neque
1256 4084 1472 4145 acerbe
1518 4086 1856 4163 vituperare
1901 4084 2191 4162 putandus
2235 4083 2462 4166 erit.²4)
2551 4086 2745 4165 Atque

696 4177 1203 4271 α’παλωτέρα
1258 4180 1505 4271 ἀρνὸς
1559 4187 1778 4248 indicat
1833 4184 2134 4248 Galateam
2189 4197 2451 4249 monstro
2507 4188 2639 4251 fore
2684 4197 2889 4250 nostro
2932 4187 3246 4250 molliorem
3287 4188 3536 4266 tumenti
3579 4206 3752 4267 quam
3796 4207 4008 4268 agnam

441 4292 646 4366 gnegis
687 4289 763 4351 oh
809 4286 991 4370 pellis
1022 4291 1337 4354 «mollitiem
1383 4293 1759 4353 carissimam.

703 4393 832 4472 Age
878 4397 928 4456 si
974 4409 1248 4456 assensus
1298 4414 1364 4457 es
1409 4396 1551 4456 mihi
1594 4396 1672 4458 de
1714 4393 1879 4456 Nicia
1928 4405 1987 4456 et
2026 4393 2277 4457 Galatea
2322 4412 2498 4474 supra
2545 4393 2831 4473 quaedam
2878 4394 3224 4470 conicienti,
3269 4393 3365 4454 hic

706 4513 809 4575 vs.
843 4511 923 4574 ⁶21
970 4534 1006 4575 a
1053 4529 1147 4575 me
1178 4523 1283 4575 sta
1327 4516 1659 4595 colligente
1701 4516 1960 4598 puellam
2006 4517 2150 4595 fingi
2191 4516 2351 4576 haud
2390 4517 2675 4595 adultam,
2740 4534 2871 4577 eum
2929 4525 3297 4597 eomparetur
3350 4533 3478 4578 cum
3534 4517 3707 4577 vitula
3761 4511 4009 4597 (μόσχω

440 4612 838 4700 γαυροτέρα)
858 4614 966 4696 ²⁶).
1059 4616 1217 4692 Quid
1279 4627 1470 4680 autem
1528 4619 1821 4702 improbet
1884 4620 2157 4681 subtilius
2214 4627 2417 4701 pastor
2469 4622 2660 4682 nescit
2716 4620 3052 4699 significare
3115 4639 3286 4700 quam
3339 4623 3423 4682 ita
3489 4629 3553 4681 ut
3605 4633 3682 4682 ex
3736 4639 3844 4683 usu
3883 4635 4006 4683 ‚suo

440 4728 674 4800 promat
717 4720 1050 4800 exemplum
1093 4721 1316 4783 vitulae
1364 4722 1643 4801 fugientis
1687 4725 1891 4803 gregis
1936 4725 2132 4784 socias
2167 4723 2380 4784 ludere
2422 4726 2748 4804 cupientes.

652 4939 937 5010 ’yvoufer
965 4955 1119 4995 uuum
1154 4947 1317 4997 vocis*
1348 4928 1980 5012 ἐσκιατραφημένος.

1686 5049 1695 5058 .
3204 5046 3271 5099 1*
