<?xml version="1.0" encoding="UTF-8"?>
<!DOCTYPE html PUBLIC "-//W3C//DTD XHTML 1.0 Transitional//EN"
    "http://www.w3.org/TR/xhtml1/DTD/xhtml1-transitional.dtd">
<html xmlns="http://www.w3.org/1999/xhtml" xml:lang="en" lang="en">
 <head>
  <title>
</title>
<meta http-equiv="Content-Type" content="text/html;charset=utf-8" />
  <meta name='ocr-system' content='tesseract 3.04.00' />
  <meta name='ocr-capabilities' content='ocr_page ocr_carea ocr_par ocr_line ocrx_word'/>
</head>
<body>
  <div class='ocr_page' id='page_1' title='image "./commentariumint00borsgoog_0007.png"; bbox 0 0 4167 5517; ppageno 0'>
   <div class='ocr_carea' id='block_1_1' title="bbox 780 1306 3858 1468">
    <p class='ocr_par' dir='ltr' id='par_1_1' title="bbox 780 1306 3858 1468">
     <span class='ocr_line' id='line_1_1' title="bbox 780 1306 3858 1468; baseline -0.004 -39"><span class='ocrx_word' id='word_1_1' title='bbox 780 1313 1634 1428; x_wconf 75' lang='lat' dir='ltr'><strong>Commentarius</strong></span> <span class='ocrx_word' id='word_1_2' title='bbox 1706 1309 1817 1418; x_wconf 93' lang='lat' dir='ltr'><strong>in</strong></span> <span class='ocrx_word' id='word_1_3' title='bbox 1890 1308 2446 1444; x_wconf 72' lang='lat' dir='ltr'><strong>Theocriti</strong></span> <span class='ocrx_word' id='word_1_4' title='bbox 2521 1341 2958 1417; x_wconf 83' lang='lat' dir='ltr'><strong>carmen</strong></span> <span class='ocrx_word' id='word_1_5' title='bbox 3027 1306 3739 1418; x_wconf 81' lang='lat' dir='ltr'><strong>undecimum.</strong></span> <span class='ocrx_word' id='word_1_6' title='bbox 3841 1449 3858 1468; x_wconf 90' lang='lat'><strong>.</strong></span> 
     </span>
    </p>
   </div>
   <div class='ocr_carea' id='block_1_2' title="bbox 384 2032 4009 4782">
    <p class='ocr_par' dir='ltr' id='par_1_2' title="bbox 466 2032 4009 2904">
     <span class='ocr_line' id='line_1_2' title="bbox 467 2032 4009 2181; baseline -0.003 -18"><span class='ocrx_word' id='word_1_7' title='bbox 467 2032 789 2181; x_wconf 80' lang='lat' dir='ltr'><strong>Quisquis</strong></span> <span class='ocrx_word' id='word_1_8' title='bbox 833 2099 1069 2161; x_wconf 82' lang='lat' dir='ltr'><strong>Homeri</strong></span> <span class='ocrx_word' id='word_1_9' title='bbox 1116 2113 1375 2176; x_wconf 87' lang='lat' dir='ltr'><strong>uuquam</strong></span> <span class='ocrx_word' id='word_1_10' title='bbox 1436 2096 1591 2175; x_wconf 81' lang='lat' dir='ltr'><strong>legit</strong></span> <span class='ocrx_word' id='word_1_11' title='bbox 1648 2093 2125 2158; x_wconf 77' lang='lat' dir='ltr'><strong>iucundissimam</strong></span> <span class='ocrx_word' id='word_1_12' title='bbox 2180 2093 2257 2154; x_wconf 92' lang='lat' dir='ltr'><strong>de</strong></span> <span class='ocrx_word' id='word_1_13' title='bbox 2298 2092 2660 2174; x_wconf 72' lang='lat' dir='ltr'><strong>Polyphemo</strong></span> <span class='ocrx_word' id='word_1_14' title='bbox 2716 2095 3136 2171; x_wconf 74' lang='lat' dir='ltr'><strong>narrationem,</strong></span> <span class='ocrx_word' id='word_1_15' title='bbox 3204 2111 3422 2160; x_wconf 66' lang='lat' dir='ltr'><strong>summa</strong></span> <span class='ocrx_word' id='word_1_16' title='bbox 3475 2095 3688 2174; x_wconf 83' lang='lat' dir='ltr'><strong>opinor</strong></span> <span class='ocrx_word' id='word_1_17' title='bbox 3737 2093 4009 2173; x_wconf 77' lang='lat' dir='ltr'><strong>voluptat·</strong></span> 
     </span>
     <span class='ocr_line' id='line_1_3' title="bbox 466 2196 4009 2286; baseline -0.003 -18"><span class='ocrx_word' id='word_1_18' title='bbox 466 2204 895 2286; x_wconf 71' lang='lat' dir='ltr'><strong>contemplatus</strong></span> <span class='ocrx_word' id='word_1_19' title='bbox 957 2211 1049 2263; x_wconf 88' lang='lat' dir='ltr'><strong>est</strong></span> <span class='ocrx_word' id='word_1_20' title='bbox 1107 2209 1411 2283; x_wconf 78' lang='lat' dir='ltr'><strong>pastorem</strong></span> <span class='ocrx_word' id='word_1_21' title='bbox 1468 2200 1785 2260; x_wconf 86' lang='lat' dir='ltr'><strong>unoculum</strong></span> <span class='ocrx_word' id='word_1_22' title='bbox 1831 2207 1893 2259; x_wconf 89' lang='lat' dir='ltr'><strong>et</strong></span> <span class='ocrx_word' id='word_1_23' title='bbox 1936 2198 2306 2276; x_wconf 82' lang='lat' dir='ltr'><strong>semiferum,</strong></span> <span class='ocrx_word' id='word_1_24' title='bbox 2374 2199 2535 2260; x_wconf 90' lang='lat' dir='ltr'><strong>cuius</strong></span> <span class='ocrx_word' id='word_1_25' title='bbox 2579 2199 2843 2258; x_wconf 87' lang='lat' dir='ltr'><strong>immanis</strong></span> <span class='ocrx_word' id='word_1_26' title='bbox 2888 2199 3139 2258; x_wconf 78' lang='lat' dir='ltr'><strong>saevitas</strong></span> <span class='ocrx_word' id='word_1_27' title='bbox 3182 2196 3372 2258; x_wconf 86' lang='lat' dir='ltr'><strong>Ulixis</strong></span> <span class='ocrx_word' id='word_1_28' title='bbox 3417 2196 3636 2258; x_wconf 63' lang='lat' dir='ltr'><strong>fallitur</strong></span> <span class='ocrx_word' id='word_1_29' title='bbox 3679 2197 3816 2259; x_wconf 89' lang='lat' dir='ltr'><strong>dolo</strong></span> <span class='ocrx_word' id='word_1_30' title='bbox 3863 2206 4009 2276; x_wconf 80' lang='lat' dir='ltr'><strong>atqu·</strong></span> 
     </span>
     <span class='ocr_line' id='line_1_4' title="bbox 466 2299 4009 2387; baseline -0.003 -15"><span class='ocrx_word' id='word_1_31' title='bbox 466 2310 756 2373; x_wconf 83' lang='lat' dir='ltr'><strong>sollertia.</strong></span> <span class='ocrx_word' id='word_1_32' title='bbox 844 2306 1051 2387; x_wconf 85' lang='lat' dir='ltr'><strong>Neque</strong></span> <span class='ocrx_word' id='word_1_33' title='bbox 1114 2305 1506 2367; x_wconf 77' lang='lat' dir='ltr'><strong>dubitaverim</strong></span> <span class='ocrx_word' id='word_1_34' title='bbox 1569 2306 1709 2383; x_wconf 88' lang='lat' dir='ltr'><strong>quin</strong></span> <span class='ocrx_word' id='word_1_35' title='bbox 1762 2305 1817 2364; x_wconf 89' lang='lat' dir='ltr'><strong>is</strong></span> <span class='ocrx_word' id='word_1_36' title='bbox 1867 2305 1968 2382; x_wconf 91' lang='lat' dir='ltr'><strong>qui</strong></span> <span class='ocrx_word' id='word_1_37' title='bbox 2016 2303 2180 2363; x_wconf 78' lang='lat' dir='ltr'><strong>novit</strong></span> <span class='ocrx_word' id='word_1_38' title='bbox 2223 2302 2542 2383; x_wconf 85' lang='lat' dir='ltr'><strong>Cyclopum</strong></span> <span class='ocrx_word' id='word_1_39' title='bbox 2572 2301 2942 2362; x_wconf 88' lang='lat' dir='ltr'><strong>Homericum</strong></span> <span class='ocrx_word' id='word_1_40' title='bbox 2988 2303 3130 2361; x_wconf 83' lang='lat' dir='ltr'><strong>velit</strong></span> <span class='ocrx_word' id='word_1_41' title='bbox 3172 2300 3272 2364; x_wconf 91' lang='lat' dir='ltr'><strong>ubi</strong></span> <span class='ocrx_word' id='word_1_42' title='bbox 3317 2301 3458 2362; x_wconf 87' lang='lat' dir='ltr'><strong>lieet</strong></span> <span class='ocrx_word' id='word_1_43' title='bbox 3501 2319 3870 2381; x_wconf 79' lang='lat' dir='ltr'><strong>cognoscere</strong></span> <span class='ocrx_word' id='word_1_44' title='bbox 3912 2299 4009 2378; x_wconf 86' lang='lat' dir='ltr'><strong>Cy·</strong></span> 
     </span>
     <span class='ocr_line' id='line_1_5' title="bbox 468 2405 4009 2493; baseline -0.002 -21"><span class='ocrx_word' id='word_1_45' title='bbox 468 2413 705 2493; x_wconf 84' lang='lat' dir='ltr'><strong>elopem</strong></span> <span class='ocrx_word' id='word_1_46' title='bbox 750 2411 1161 2493; x_wconf 80' lang='lat' dir='ltr'><strong>Euripideum,</strong></span> <span class='ocrx_word' id='word_1_47' title='bbox 1234 2411 1337 2488; x_wconf 89' lang='lat' dir='ltr'><strong>qui</strong></span> <span class='ocrx_word' id='word_1_48' title='bbox 1404 2409 1627 2489; x_wconf 82' lang='lat' dir='ltr'><strong>primas</strong></span> <span class='ocrx_word' id='word_1_49' title='bbox 1672 2410 1795 2487; x_wconf 67' lang='lat' dir='ltr'><strong>agit</strong></span> <span class='ocrx_word' id='word_1_50' title='bbox 1837 2415 2037 2488; x_wconf 83' lang='lat' dir='ltr'><strong>partes</strong></span> <span class='ocrx_word' id='word_1_51' title='bbox 2081 2406 2144 2465; x_wconf 89' lang='lat' dir='ltr'><strong>in</strong></span> <span class='ocrx_word' id='word_1_52' title='bbox 2186 2406 2550 2487; x_wconf 87' lang='lat' dir='ltr'><strong>lepidissimo</strong></span> <span class='ocrx_word' id='word_1_53' title='bbox 2595 2406 2698 2465; x_wconf 88' lang='lat' dir='ltr'><strong>illo</strong></span> <span class='ocrx_word' id='word_1_54' title='bbox 2746 2405 2999 2466; x_wconf 84' lang='lat' dir='ltr'><strong>dramate</strong></span> <span class='ocrx_word' id='word_1_55' title='bbox 3045 2407 3316 2482; x_wconf 83' lang='lat' dir='ltr'><strong>satyrico.</strong></span> <span class='ocrx_word' id='word_1_56' title='bbox 3404 2405 3495 2466; x_wconf 85' lang='lat' dir='ltr'><strong>Ac</strong></span> <span class='ocrx_word' id='word_1_57' title='bbox 3537 2406 3687 2466; x_wconf 90' lang='lat' dir='ltr'><strong>sicut</strong></span> <span class='ocrx_word' id='word_1_58' title='bbox 3728 2423 3837 2465; x_wconf 89' lang='lat' dir='ltr'><strong>nos</strong></span> <span class='ocrx_word' id='word_1_59' title='bbox 3880 2422 4009 2483; x_wconf 84' lang='lat' dir='ltr'><strong>gau·</strong></span> 
     </span>
     <span class='ocr_line' id='line_1_6' title="bbox 467 2508 4009 2589; baseline -0.002 -13"><span class='ocrx_word' id='word_1_60' title='bbox 467 2515 675 2577; x_wconf 89' lang='lat' dir='ltr'><strong>demus</strong></span> <span class='ocrx_word' id='word_1_61' title='bbox 731 2513 978 2575; x_wconf 88' lang='lat' dir='ltr'><strong>ridicula</strong></span> <span class='ocrx_word' id='word_1_62' title='bbox 1035 2515 1278 2573; x_wconf 87' lang='lat' dir='ltr'><strong>monstri</strong></span> <span class='ocrx_word' id='word_1_63' title='bbox 1342 2510 1748 2589; x_wconf 81' lang='lat' dir='ltr'><strong>deformitate,</strong></span> <span class='ocrx_word' id='word_1_64' title='bbox 1819 2513 1901 2571; x_wconf 90' lang='lat' dir='ltr'><strong>ita</strong></span> <span class='ocrx_word' id='word_1_65' title='bbox 1958 2511 2072 2569; x_wconf 97' lang='lat' dir='ltr'><strong>iam</strong></span> <span class='ocrx_word' id='word_1_66' title='bbox 2131 2518 2365 2569; x_wconf 78' lang='lat' dir='ltr'><strong>veteres</strong></span> <span class='ocrx_word' id='word_1_67' title='bbox 2409 2511 2692 2589; x_wconf 88' lang='lat' dir='ltr'><strong>imprimis</strong></span> <span class='ocrx_word' id='word_1_68' title='bbox 2736 2508 2992 2569; x_wconf 87' lang='lat' dir='ltr'><strong>Graecos</strong></span> <span class='ocrx_word' id='word_1_69' title='bbox 3037 2517 3234 2588; x_wconf 87' lang='lat' dir='ltr'><strong>pastor</strong></span> <span class='ocrx_word' id='word_1_70' title='bbox 3277 2509 3574 2570; x_wconf 85' lang='lat' dir='ltr'><strong>Aetnaeus</strong></span> <span class='ocrx_word' id='word_1_71' title='bbox 3618 2508 4009 2571; x_wconf 87' lang='lat' dir='ltr'><strong>incredibilite</strong></span> 
     </span>
     <span class='ocr_line' id='line_1_7' title="bbox 468 2611 4009 2695; baseline -0.002 -15"><span class='ocrx_word' id='word_1_72' title='bbox 468 2619 805 2680; x_wconf 86' lang='lat' dir='ltr'><strong>delectavit.</strong></span> <span class='ocrx_word' id='word_1_73' title='bbox 919 2615 1072 2690; x_wconf 85' lang='lat' dir='ltr'><strong>Quid</strong></span> <span class='ocrx_word' id='word_1_74' title='bbox 1131 2617 1307 2695; x_wconf 85' lang='lat' dir='ltr'><strong>igitur</strong></span> <span class='ocrx_word' id='word_1_75' title='bbox 1373 2618 1577 2675; x_wconf 89' lang='lat' dir='ltr'><strong>mirum</strong></span> <span class='ocrx_word' id='word_1_76' title='bbox 1643 2615 1696 2675; x_wconf 88' lang='lat' dir='ltr'><strong>si</strong></span> <span class='ocrx_word' id='word_1_77' title='bbox 1751 2632 1881 2674; x_wconf 90' lang='lat' dir='ltr'><strong>cum</strong></span> <span class='ocrx_word' id='word_1_78' title='bbox 1937 2611 2193 2673; x_wconf 79' lang='lat' dir='ltr'><strong>artifices</strong></span> <span class='ocrx_word' id='word_1_79' title='bbox 2247 2613 2550 2674; x_wconf 89' lang='lat' dir='ltr'><strong>multarum</strong></span> <span class='ocrx_word' id='word_1_80' title='bbox 2605 2616 2954 2695; x_wconf 88' lang='lat' dir='ltr'><strong>picturarum</strong></span> <span class='ocrx_word' id='word_1_81' title='bbox 3021 2630 3091 2673; x_wconf 89' lang='lat' dir='ltr'><strong>ac</strong></span> <span class='ocrx_word' id='word_1_82' title='bbox 3135 2620 3346 2692; x_wconf 73' lang='lat' dir='ltr'><strong>poetae</strong></span> <span class='ocrx_word' id='word_1_83' title='bbox 3392 2616 3707 2674; x_wconf 81' lang='lat' dir='ltr'><strong>carminum</strong></span> <span class='ocrx_word' id='word_1_84' title='bbox 3752 2617 4009 2675; x_wconf 73' lang='lat' dir='ltr'><strong>variorum</strong></span> 
     </span>
     <span class='ocr_line' id='line_1_8' title="bbox 470 2717 4007 2803; baseline -0.001 -21"><span class='ocrx_word' id='word_1_85' title='bbox 470 2721 995 2803; x_wconf 63' lang='lat' dir='ltr'><strong>hunc‘opilionem</strong></span> <span class='ocrx_word' id='word_1_86' title='bbox 1045 2717 1265 2779; x_wconf 89' lang='lat' dir='ltr'><strong>fabulis</strong></span> <span class='ocrx_word' id='word_1_87' title='bbox 1317 2717 1676 2779; x_wconf 89' lang='lat' dir='ltr'><strong>celebratum</strong></span> <span class='ocrx_word' id='word_1_88' title='bbox 1721 2717 1992 2779; x_wconf 74' lang='lat' dir='ltr'><strong>dicuntur</strong></span> <span class='ocrx_word' id='word_1_89' title='bbox 2043 2720 2439 2795; x_wconf 82' lang='lat' dir='ltr'><strong>expressisse,</strong></span> <span class='ocrx_word' id='word_1_90' title='bbox 2502 2725 2620 2777; x_wconf 88' lang='lat' dir='ltr'><strong>tum</strong></span> <span class='ocrx_word' id='word_1_91' title='bbox 2677 2725 2846 2796; x_wconf 89' lang='lat' dir='ltr'><strong>pater</strong></span> <span class='ocrx_word' id='word_1_92' title='bbox 2888 2724 3141 2797; x_wconf 69' lang='lat' dir='ltr'><strong>poeseos</strong></span> <span class='ocrx_word' id='word_1_93' title='bbox 3185 2718 3535 2797; x_wconf 87' lang='lat' dir='ltr'><strong>pastoriciae</strong></span> <span class='ocrx_word' id='word_1_94' title='bbox 3580 2718 3682 2796; x_wconf 90' lang='lat' dir='ltr'><strong>qui</strong></span> <span class='ocrx_word' id='word_1_95' title='bbox 3725 2718 4007 2796; x_wconf 85' lang='lat' dir='ltr'><strong>Syracusa</strong></span> 
     </span>
     <span class='ocr_line' id='line_1_9' title="bbox 473 2819 2960 2904; baseline -0.001 -21"><span class='ocrx_word' id='word_1_96' title='bbox 473 2841 582 2904; x_wconf 91' lang='lat' dir='ltr'><strong>pro</strong></span> <span class='ocrx_word' id='word_1_97' title='bbox 624 2827 808 2903; x_wconf 90' lang='lat' dir='ltr'><strong>patria</strong></span> <span class='ocrx_word' id='word_1_98' title='bbox 851 2822 1110 2885; x_wconf 90' lang='lat' dir='ltr'><strong>habebat</strong></span> <span class='ocrx_word' id='word_1_99' title='bbox 1153 2821 1512 2882; x_wconf 82' lang='lat' dir='ltr'><strong>Theocritus</strong></span> <span class='ocrx_word' id='word_1_100' title='bbox 1558 2830 1853 2902; x_wconf 89' lang='lat' dir='ltr'><strong>pastorem</strong></span> <span class='ocrx_word' id='word_1_101' title='bbox 1898 2821 2067 2900; x_wconf 82' lang='lat' dir='ltr'><strong>quasi</strong></span> <span class='ocrx_word' id='word_1_102' title='bbox 2109 2819 2445 2900; x_wconf 85' lang='lat' dir='ltr'><strong>indigenam</strong></span> <span class='ocrx_word' id='word_1_103' title='bbox 2488 2840 2606 2883; x_wconf 91' lang='lat' dir='ltr'><strong>non</strong></span> <span class='ocrx_word' id='word_1_104' title='bbox 2650 2821 2960 2900; x_wconf 74' lang='lat' dir='ltr'><strong>neglexit?</strong></span> 
     </span>
    </p>

    <p class='ocr_par' dir='ltr' id='par_1_3' title="bbox 384 2924 4007 3400">
     <span class='ocr_line' id='line_1_10' title="bbox 733 2924 4006 3005; baseline -0.001 -18"><span class='ocrx_word' id='word_1_105' title='bbox 733 2927 820 2988; x_wconf 82' lang='lat' dir='ltr'><strong>Ac</strong></span> <span class='ocrx_word' id='word_1_106' title='bbox 862 2927 1088 2989; x_wconf 88' lang='lat' dir='ltr'><strong>duobus</strong></span> <span class='ocrx_word' id='word_1_107' title='bbox 1148 2926 1389 3005; x_wconf 90' lang='lat' dir='ltr'><strong>quidem</strong></span> <span class='ocrx_word' id='word_1_108' title='bbox 1452 2924 1676 3003; x_wconf 86' lang='lat' dir='ltr'><strong>idylliis</strong></span> <span class='ocrx_word' id='word_1_109' title='bbox 1735 2924 2053 3005; x_wconf 74' lang='lat' dir='ltr'><strong>Cyclopem</strong></span> <span class='ocrx_word' id='word_1_110' title='bbox 2111 2927 2380 2986; x_wconf 78' lang='lat' dir='ltr'><strong>tractavit</strong></span> <span class='ocrx_word' id='word_1_111' title='bbox 2443 2943 2726 3004; x_wconf 88' lang='lat' dir='ltr'><strong>eumque,</strong></span> <span class='ocrx_word' id='word_1_112' title='bbox 2793 2924 2951 3004; x_wconf 89' lang='lat' dir='ltr'><strong>quod</strong></span> <span class='ocrx_word' id='word_1_113' title='bbox 3009 2925 3265 3001; x_wconf 77' lang='lat' dir='ltr'><strong>mireriS,</strong></span> <span class='ocrx_word' id='word_1_114' title='bbox 3334 2933 3524 2985; x_wconf 88' lang='lat' dir='ltr'><strong>aetate</strong></span> <span class='ocrx_word' id='word_1_115' title='bbox 3581 2934 3784 2985; x_wconf 88' lang='lat' dir='ltr'><strong>tenera</strong></span> <span class='ocrx_word' id='word_1_116' title='bbox 3841 2943 4006 2986; x_wconf 90' lang='lat' dir='ltr'><strong>amor</strong></span> 
     </span>
     <span class='ocr_line' id='line_1_11' title="bbox 384 3025 4007 3110; baseline -0.001 -17"><span class='ocrx_word' id='word_1_117' title='bbox 384 3025 391 3028; x_wconf 19' lang='grc' dir='ltr'><strong><em>Δ</em></strong></span> <span class='ocrx_word' id='word_1_118' title='bbox 476 3029 767 3093; x_wconf 86' lang='lat' dir='ltr'><strong>Galateae</strong></span> <span class='ocrx_word' id='word_1_119' title='bbox 808 3029 1094 3091; x_wconf 74' lang='lat' dir='ltr'><strong>Nereidos</strong></span> <span class='ocrx_word' id='word_1_120' title='bbox 1143 3034 1448 3091; x_wconf 90' lang='lat' dir='ltr'><strong>incensum</strong></span> <span class='ocrx_word' id='word_1_121' title='bbox 1494 3031 1573 3089; x_wconf 89' lang='lat' dir='ltr'><strong>ita</strong></span> <span class='ocrx_word' id='word_1_122' title='bbox 1621 3028 2009 3105; x_wconf 82' lang='lat' dir='ltr'><strong>adumbravit,</strong></span> <span class='ocrx_word' id='word_1_123' title='bbox 2052 3038 2121 3089; x_wconf 92' lang='lat' dir='ltr'><strong>ut</strong></span> <span class='ocrx_word' id='word_1_124' title='bbox 2164 3030 2217 3089; x_wconf 90' lang='lat' dir='ltr'><strong>is</strong></span> <span class='ocrx_word' id='word_1_125' title='bbox 2262 3027 2450 3089; x_wconf 84' lang='lat' dir='ltr'><strong>altero</strong></span> <span class='ocrx_word' id='word_1_126' title='bbox 2497 3029 2722 3110; x_wconf 34' lang='lat' dir='ltr'><strong>idyllio&#39;</strong></span> <span class='ocrx_word' id='word_1_127' title='bbox 2751 3027 2896 3101; x_wconf 90' lang='grc' dir='ltr'>(ΧΙ)</span> <span class='ocrx_word' id='word_1_128' title='bbox 2941 3028 3197 3108; x_wconf 87' lang='lat' dir='ltr'><strong>puellam</strong></span> <span class='ocrx_word' id='word_1_129' title='bbox 3243 3028 3455 3088; x_wconf 82' lang='lat' dir='ltr'><strong>frustra</strong></span> <span class='ocrx_word' id='word_1_130' title='bbox 3501 3027 3808 3107; x_wconf 80' lang='lat' dir='ltr'><strong>expetenS,</strong></span> <span class='ocrx_word' id='word_1_131' title='bbox 3853 3029 4007 3090; x_wconf 78' lang='lat' dir='ltr'><strong>alter·</strong></span> 
     </span>
     <span class='ocr_line' id='line_1_12' title="bbox 473 3130 4007 3213; baseline 0 -20"><span class='ocrx_word' id='word_1_132' title='bbox 473 3134 620 3205; x_wconf 77' lang='lat' dir='ltr'><strong>(Vl)</strong></span> <span class='ocrx_word' id='word_1_133' title='bbox 678 3134 831 3194; x_wconf 85' lang='lat' dir='ltr'><strong>ultro</strong></span> <span class='ocrx_word' id='word_1_134' title='bbox 883 3131 1170 3195; x_wconf 85' lang='lat' dir='ltr'><strong>&#39;amantem</strong></span> <span class='ocrx_word' id='word_1_135' title='bbox 1235 3137 1348 3194; x_wconf 90' lang='lat' dir='ltr'><strong>iam</strong></span> <span class='ocrx_word' id='word_1_136' title='bbox 1424 3132 1731 3194; x_wconf 78' lang='lat' dir='ltr'><strong>fastidiose</strong></span> <span class='ocrx_word' id='word_1_137' title='bbox 1789 3150 2073 3213; x_wconf 88' lang='lat' dir='ltr'><strong>spernens</strong></span> <span class='ocrx_word' id='word_1_138' title='bbox 2121 3132 2511 3194; x_wconf 87' lang='lat' dir='ltr'><strong>induceretur.</strong></span> <span class='ocrx_word' id='word_1_139' title='bbox 2600 3130 2854 3205; x_wconf 84' lang='lat' dir='ltr'><strong>Quorum</strong></span> <span class='ocrx_word' id='word_1_140' title='bbox 2901 3134 3213 3192; x_wconf 83' lang='lat' dir='ltr'><strong>carminum</strong></span> <span class='ocrx_word' id='word_1_141' title='bbox 3262 3133 3371 3192; x_wconf 88' lang='lat' dir='ltr'><strong>etsi</strong></span> <span class='ocrx_word' id='word_1_142' title='bbox 3419 3150 3535 3192; x_wconf 88' lang='lat' dir='ltr'><strong>nou</strong></span> <span class='ocrx_word' id='word_1_143' title='bbox 3581 3141 3807 3193; x_wconf 87' lang='lat' dir='ltr'><strong>constat</strong></span> <span class='ocrx_word' id='word_1_144' title='bbox 3849 3142 4007 3193; x_wconf 85' lang='lat' dir='ltr'><strong>utrun</strong></span> 
     </span>
     <span class='ocr_line' id='line_1_13' title="bbox 473 3233 4007 3317; baseline 0 -21"><span class='ocrx_word' id='word_1_145' title='bbox 473 3238 641 3317; x_wconf 89' lang='lat' dir='ltr'><strong>prius</strong></span> <span class='ocrx_word' id='word_1_146' title='bbox 685 3237 761 3295; x_wconf 88' lang='lat' dir='ltr'><strong>sit</strong></span> <span class='ocrx_word' id='word_1_147' title='bbox 804 3239 1109 3316; x_wconf 88' lang='lat' dir='ltr'><strong>scriptum,</strong></span> <span class='ocrx_word' id='word_1_148' title='bbox 1166 3256 1360 3316; x_wconf 89' lang='lat' dir='ltr'><strong>neque</strong></span> <span class='ocrx_word' id='word_1_149' title='bbox 1423 3236 1482 3297; x_wconf 91' lang='lat' dir='ltr'><strong>id</strong></span> <span class='ocrx_word' id='word_1_150' title='bbox 1543 3238 1697 3296; x_wconf 88' lang='lat' dir='ltr'><strong>scire</strong></span> <span class='ocrx_word' id='word_1_151' title='bbox 1754 3253 2114 3317; x_wconf 82' lang='lat' dir='ltr'><strong>magnopere</strong></span> <span class='ocrx_word' id='word_1_152' title='bbox 2162 3246 2356 3297; x_wconf 88' lang='lat' dir='ltr'><strong>nostra</strong></span> <span class='ocrx_word' id='word_1_153' title='bbox 2404 3238 2747 3312; x_wconf 86' lang='lat' dir='ltr'><strong>interesset,</strong></span> <span class='ocrx_word' id='word_1_154' title='bbox 2818 3244 3009 3296; x_wconf 88' lang='lat' dir='ltr'><strong>tamen</strong></span> <span class='ocrx_word' id='word_1_155' title='bbox 3058 3233 3262 3313; x_wconf 88' lang='lat' dir='ltr'><strong>legere</strong></span> <span class='ocrx_word' id='word_1_156' title='bbox 3308 3254 3378 3298; x_wconf 85' lang='lat' dir='ltr'><strong>ea</strong></span> <span class='ocrx_word' id='word_1_157' title='bbox 3423 3234 3632 3295; x_wconf 90' lang='lat' dir='ltr'><strong>eodem</strong></span> <span class='ocrx_word' id='word_1_158' title='bbox 3680 3255 3794 3315; x_wconf 91' lang='lat' dir='ltr'><strong>quo</strong></span> <span class='ocrx_word' id='word_1_159' title='bbox 3840 3236 4007 3297; x_wconf 87' lang='lat' dir='ltr'><strong>collo·</strong></span> 
     </span>
     <span class='ocr_line' id='line_1_14' title="bbox 474 3317 3258 3400; baseline 0 -1"><span class='ocrx_word' id='word_1_160' title='bbox 474 3342 606 3400; x_wconf 85' lang='lat' dir='ltr'><strong>cavi</strong></span> <span class='ocrx_word' id='word_1_161' title='bbox 652 3338 861 3399; x_wconf 90' lang='lat' dir='ltr'><strong>ordine</strong></span> <span class='ocrx_word' id='word_1_162' title='bbox 906 3340 1087 3399; x_wconf 89' lang='lat' dir='ltr'><strong>satius</strong></span> <span class='ocrx_word' id='word_1_163' title='bbox 1135 3342 1260 3400; x_wconf 90' lang='lat' dir='ltr'><strong>erit.</strong></span> <span class='ocrx_word' id='word_1_164' title='bbox 3251 3317 3258 3326; x_wconf 53' lang='grc'><strong><em>’</em></strong></span> 
     </span>
    </p>

    <p class='ocr_par' dir='ltr' id='par_1_4' title="bbox 477 3440 4005 3833">
     <span class='ocr_line' id='line_1_15' title="bbox 736 3440 4005 3525; baseline 0 -23"><span class='ocrx_word' id='word_1_165' title='bbox 736 3440 933 3515; x_wconf 84' lang='lat' dir='ltr'><strong>Quare</strong></span> <span class='ocrx_word' id='word_1_166' title='bbox 993 3445 1117 3501; x_wconf 84' lang='lat' dir='ltr'><strong>sive</strong></span> <span class='ocrx_word' id='word_1_167' title='bbox 1178 3445 1307 3521; x_wconf 87' lang='lat' dir='ltr'><strong>quis</strong></span> <span class='ocrx_word' id='word_1_168' title='bbox 1353 3442 1734 3505; x_wconf 91' lang='lat' dir='ltr'><strong>Theocritum</strong></span> <span class='ocrx_word' id='word_1_169' title='bbox 1790 3461 1946 3504; x_wconf 90' lang='lat' dir='ltr'><strong>nunc</strong></span> <span class='ocrx_word' id='word_1_170' title='bbox 2004 3445 2254 3525; x_wconf 90' lang='lat' dir='ltr'><strong>primum</strong></span> <span class='ocrx_word' id='word_1_171' title='bbox 2311 3442 2432 3504; x_wconf 88' lang='lat' dir='ltr'><strong>adit</strong></span> <span class='ocrx_word' id='word_1_172' title='bbox 2488 3452 2547 3503; x_wconf 90' lang='lat' dir='ltr'><strong>et</strong></span> <span class='ocrx_word' id='word_1_173' title='bbox 2590 3461 2812 3504; x_wconf 89' lang='lat' dir='ltr'><strong>mecum</strong></span> <span class='ocrx_word' id='word_1_174' title='bbox 2861 3460 3090 3502; x_wconf 88' lang='lat' dir='ltr'><strong>carmen</strong></span> <span class='ocrx_word' id='word_1_175' title='bbox 3136 3441 3216 3503; x_wconf 84' lang='lat' dir='ltr'><strong>Xl</strong></span> <span class='ocrx_word' id='word_1_176' title='bbox 3273 3440 3398 3504; x_wconf 82' lang='lat' dir='ltr'><strong>vult</strong></span> <span class='ocrx_word' id='word_1_177' title='bbox 3454 3443 3843 3522; x_wconf 89' lang='lat' dir='ltr'><strong>perlustrare,</strong></span> <span class='ocrx_word' id='word_1_178' title='bbox 3910 3446 4005 3504; x_wconf 81' lang='lat' dir='ltr'><strong>siv·</strong></span> 
     </span>
     <span class='ocr_line' id='line_1_16' title="bbox 477 3543 4005 3627; baseline 0.001 -22"><span class='ocrx_word' id='word_1_179' title='bbox 477 3547 611 3625; x_wconf 90' lang='lat' dir='ltr'><strong>quis</strong></span> <span class='ocrx_word' id='word_1_180' title='bbox 657 3547 772 3606; x_wconf 92' lang='lat' dir='ltr'><strong>iam</strong></span> <span class='ocrx_word' id='word_1_181' title='bbox 817 3547 1058 3607; x_wconf 77' lang='lat' dir='ltr'><strong>intravit</strong></span> <span class='ocrx_word' id='word_1_182' title='bbox 1102 3547 1160 3604; x_wconf 91' lang='lat' dir='ltr'><strong>in</strong></span> <span class='ocrx_word' id='word_1_183' title='bbox 1210 3547 1336 3605; x_wconf 87' lang='lat' dir='ltr'><strong>eius</strong></span> <span class='ocrx_word' id='word_1_184' title='bbox 1381 3543 1866 3624; x_wconf 83' lang='lat' dir='ltr'><strong>familiaritatem,</strong></span> <span class='ocrx_word' id='word_1_185' title='bbox 1934 3564 2203 3627; x_wconf 88' lang='lat' dir='ltr'><strong>propono</strong></span> <span class='ocrx_word' id='word_1_186' title='bbox 2262 3546 2416 3608; x_wconf 84' lang='lat' dir='ltr'><strong>hunc</strong></span> <span class='ocrx_word' id='word_1_187' title='bbox 2471 3548 2977 3624; x_wconf 87' lang='lat' dir='ltr'><strong>commentarium,</strong></span> <span class='ocrx_word' id='word_1_188' title='bbox 3047 3546 3151 3607; x_wconf 86' lang='lat' dir='ltr'><strong>sed</strong></span> <span class='ocrx_word' id='word_1_189' title='bbox 3210 3545 3384 3607; x_wconf 84' lang='lat' dir='ltr'><strong>velim</strong></span> <span class='ocrx_word' id='word_1_190' title='bbox 3446 3545 3712 3607; x_wconf 89' lang='lat' dir='ltr'><strong>consulat</strong></span> <span class='ocrx_word' id='word_1_191' title='bbox 3753 3547 3831 3609; x_wconf 90' lang='lat' dir='ltr'><strong>de</strong></span> <span class='ocrx_word' id='word_1_192' title='bbox 3873 3557 4005 3610; x_wconf 66' lang='lat' dir='ltr'><strong>textu</strong></span> 
     </span>
     <span class='ocr_line' id='line_1_17' title="bbox 478 3646 4005 3732; baseline 0.001 -22"><span class='ocrx_word' id='word_1_193' title='bbox 478 3650 673 3728; x_wconf 87' lang='lat' dir='ltr'><strong>deque</strong></span> <span class='ocrx_word' id='word_1_194' title='bbox 719 3648 895 3710; x_wconf 89' lang='lat' dir='ltr'><strong>rebus</strong></span> <span class='ocrx_word' id='word_1_195' title='bbox 942 3667 1091 3728; x_wconf 88' lang='lat' dir='ltr'><strong>quas</strong></span> <span class='ocrx_word' id='word_1_196' title='bbox 1139 3651 1340 3709; x_wconf 88' lang='lat' dir='ltr'><strong>omitto</strong></span> <span class='ocrx_word' id='word_1_197' title='bbox 1389 3651 1684 3712; x_wconf 88' lang='lat' dir='ltr'><strong>editiones</strong></span> <span class='ocrx_word' id='word_1_198' title='bbox 1728 3650 2156 3713; x_wconf 85' lang='lat' dir='ltr'><strong>Fritzschianas</strong></span> <span class='ocrx_word' id='word_1_199' title='bbox 2200 3652 2481 3730; x_wconf 87' lang='lat' dir='ltr'><strong>imprimis</strong></span> <span class='ocrx_word' id='word_1_200' title='bbox 2525 3655 2801 3713; x_wconf 89' lang='lat' dir='ltr'><strong>maiorem</strong></span> <span class='ocrx_word' id='word_1_201' title='bbox 2848 3652 3015 3712; x_wconf 89' lang='lat' dir='ltr'><strong>annis</strong></span> <span class='ocrx_word' id='word_1_202' title='bbox 3065 3646 3513 3713; x_wconf 77' lang='lat'>1864-1868</span> <span class='ocrx_word' id='word_1_203' title='bbox 3554 3654 3894 3732; x_wconf 87' lang='lat' dir='ltr'><strong>impressam</strong></span> <span class='ocrx_word' id='word_1_204' title='bbox 3940 3671 4005 3713; x_wconf 92' lang='lat' dir='ltr'><strong>au</strong></span> 
     </span>
     <span class='ocr_line' id='line_1_18' title="bbox 482 3750 2662 3833; baseline 0.001 -21"><span class='ocrx_word' id='word_1_205' title='bbox 482 3754 686 3814; x_wconf 90' lang='lat' dir='ltr'><strong>saltem</strong></span> <span class='ocrx_word' id='word_1_206' title='bbox 732 3756 1017 3815; x_wconf 90' lang='lat' dir='ltr'><strong>minorem</strong></span> <span class='ocrx_word' id='word_1_207' title='bbox 1065 3755 1483 3815; x_wconf 88' lang='lat' dir='ltr'><strong>commentario</strong></span> <span class='ocrx_word' id='word_1_208' title='bbox 1531 3758 1862 3815; x_wconf 89' lang='lat' dir='ltr'><strong>instructam</strong></span> <span class='ocrx_word' id='word_1_209' title='bbox 1911 3756 2248 3833; x_wconf 81' lang='lat' dir='ltr'><strong>germanico</strong></span> <span class='ocrx_word' id='word_1_210' title='bbox 2292 3755 2428 3815; x_wconf 88' lang='lat' dir='ltr'><strong>anui</strong></span> <span class='ocrx_word' id='word_1_211' title='bbox 2478 3750 2662 3816; x_wconf 76' lang='lat'><strong>1869.</strong></span> 
     </span>
    </p>

    <p class='ocr_par' dir='ltr' id='par_1_5' title="bbox 474 3854 4003 4145">
     <span class='ocr_line' id='line_1_19' title="bbox 733 3854 4003 3940; baseline 0.001 -22"><span class='ocrx_word' id='word_1_212' title='bbox 733 3858 824 3918; x_wconf 88' lang='lat' dir='ltr'><strong>Ac</strong></span> <span class='ocrx_word' id='word_1_213' title='bbox 867 3857 1075 3919; x_wconf 90' lang='lat' dir='ltr'><strong>suadet</strong></span> <span class='ocrx_word' id='word_1_214' title='bbox 1118 3855 1357 3936; x_wconf 89' lang='lat' dir='ltr'><strong>quidem</strong></span> <span class='ocrx_word' id='word_1_215' title='bbox 1402 3862 1581 3936; x_wconf 64' lang='lat' dir='ltr'><strong>pocta</strong></span> <span class='ocrx_word' id='word_1_216' title='bbox 1627 3857 1740 3917; x_wconf 89' lang='lat' dir='ltr'><strong>hoc</strong></span> <span class='ocrx_word' id='word_1_217' title='bbox 1782 3857 1987 3935; x_wconf 88' lang='lat' dir='ltr'><strong>idyllio</strong></span> <span class='ocrx_word' id='word_1_218' title='bbox 2035 3854 2241 3918; x_wconf 88' lang='lat' dir='ltr'><strong>Niciae</strong></span> <span class='ocrx_word' id='word_1_219' title='bbox 2288 3859 2511 3920; x_wconf 90' lang='lat' dir='ltr'><strong>cuidam</strong></span> <span class='ocrx_word' id='word_1_220' title='bbox 2558 3861 2745 3919; x_wconf 89' lang='lat' dir='ltr'><strong>amico</strong></span> <span class='ocrx_word' id='word_1_221' title='bbox 2792 3861 2958 3937; x_wconf 89' lang='lat' dir='ltr'><strong>quasi</strong></span> <span class='ocrx_word' id='word_1_222' title='bbox 3006 3859 3287 3940; x_wconf 88' lang='lat' dir='ltr'><strong>epistula,</strong></span> <span class='ocrx_word' id='word_1_223' title='bbox 3333 3865 3503 3939; x_wconf 83' lang='lat' dir='ltr'><strong>quam</strong></span> <span class='ocrx_word' id='word_1_224' title='bbox 3539 3878 3648 3920; x_wconf 92' lang='lat' dir='ltr'><strong>nos</strong></span> <span class='ocrx_word' id='word_1_225' title='bbox 3681 3863 3819 3921; x_wconf 87' lang='lat' dir='ltr'><strong>artis</strong></span> <span class='ocrx_word' id='word_1_226' title='bbox 3848 3877 4003 3921; x_wconf 84' lang='lat' dir='ltr'><strong>voca·</strong></span> 
     </span>
     <span class='ocr_line' id='line_1_20' title="bbox 474 3945 4003 4044; baseline 0.001 -25"><span class='ocrx_word' id='word_1_227' title='bbox 474 3957 620 4019; x_wconf 82' lang='lat' dir='ltr'><strong>bulo</strong></span> <span class='ocrx_word' id='word_1_228' title='bbox 666 3963 1023 4022; x_wconf 89' lang='lat' dir='ltr'><strong>nominamus</strong></span> <span class='ocrx_word' id='word_1_229' title='bbox 1069 3956 1464 4041; x_wconf 69' lang='lat' dir='ltr'><strong>poeticam*),</strong></span> <span class='ocrx_word' id='word_1_230' title='bbox 1516 3962 1929 4021; x_wconf 90' lang='lat' dir='ltr'><strong>commercium</strong></span> <span class='ocrx_word' id='word_1_231' title='bbox 1951 3945 2284 4040; x_wconf 79' lang='lat' dir='ltr'><strong>Musarum,</strong></span> <span class='ocrx_word' id='word_1_232' title='bbox 2329 3964 2550 4044; x_wconf 89' lang='lat' dir='ltr'><strong>quippe</strong></span> <span class='ocrx_word' id='word_1_233' title='bbox 2598 3961 2755 4041; x_wconf 90' lang='lat' dir='ltr'><strong>quod</strong></span> <span class='ocrx_word' id='word_1_234' title='bbox 2789 3980 2963 4022; x_wconf 90' lang='lat' dir='ltr'><strong>unum</strong></span> <span class='ocrx_word' id='word_1_235' title='bbox 2997 3963 3073 4022; x_wconf 89' lang='lat' dir='ltr'><strong>sit</strong></span> <span class='ocrx_word' id='word_1_236' title='bbox 3109 3964 3320 4022; x_wconf 89' lang='lat' dir='ltr'><strong>amoris</strong></span> <span class='ocrx_word' id='word_1_237' title='bbox 3365 3962 3708 4040; x_wconf 86' lang='lat' dir='ltr'><strong>remedium,</strong></span> <span class='ocrx_word' id='word_1_238' title='bbox 3755 3981 4003 4043; x_wconf 91' lang='lat' dir='ltr'><strong>compro·</strong></span> 
     </span>
     <span class='ocr_line' id='line_1_21' title="bbox 474 4060 1416 4145; baseline 0.003 -24"><span class='ocrx_word' id='word_1_239' title='bbox 474 4060 693 4142; x_wconf 87' lang='lat' dir='ltr'><strong>batque</strong></span> <span class='ocrx_word' id='word_1_240' title='bbox 739 4065 1006 4143; x_wconf 82' lang='lat' dir='ltr'><strong>exemplo</strong></span> <span class='ocrx_word' id='word_1_241' title='bbox 1051 4064 1416 4145; x_wconf 76' lang='lat' dir='ltr'><strong>Polyphemi.</strong></span> 
     </span>
    </p>

    <p class='ocr_par' dir='ltr' id='par_1_6' title="bbox 473 4165 4003 4782">
     <span class='ocr_line' id='line_1_22' title="bbox 733 4165 4003 4249; baseline 0.001 -23"><span class='ocrx_word' id='word_1_242' title='bbox 733 4165 930 4245; x_wconf 88' lang='lat' dir='ltr'><strong>Atque</strong></span> <span class='ocrx_word' id='word_1_243' title='bbox 975 4168 1047 4228; x_wconf 92' lang='lat' dir='ltr'><strong>de</strong></span> <span class='ocrx_word' id='word_1_244' title='bbox 1089 4167 1256 4231; x_wconf 88' lang='lat' dir='ltr'><strong>Nicia</strong></span> <span class='ocrx_word' id='word_1_245' title='bbox 1301 4171 1351 4230; x_wconf 89' lang='lat' dir='ltr'><strong>si</strong></span> <span class='ocrx_word' id='word_1_246' title='bbox 1402 4169 1638 4247; x_wconf 89' lang='lat' dir='ltr'><strong>quaeris</strong></span> <span class='ocrx_word' id='word_1_247' title='bbox 1683 4186 1836 4246; x_wconf 90' lang='lat' dir='ltr'><strong>quae</strong></span> <span class='ocrx_word' id='word_1_248' title='bbox 1880 4169 2085 4230; x_wconf 87' lang='lat' dir='ltr'><strong>tradita</strong></span> <span class='ocrx_word' id='word_1_249' title='bbox 2133 4172 2253 4230; x_wconf 90' lang='lat' dir='ltr'><strong>siut</strong></span> <span class='ocrx_word' id='word_1_250' title='bbox 2295 4188 2564 4249; x_wconf 89' lang='lat' dir='ltr'><strong>quaeque</strong></span> <span class='ocrx_word' id='word_1_251' title='bbox 2609 4171 2835 4249; x_wconf 89' lang='lat' dir='ltr'><strong>possint</strong></span> <span class='ocrx_word' id='word_1_252' title='bbox 2880 4168 3015 4230; x_wconf 90' lang='lat' dir='ltr'><strong>inde</strong></span> <span class='ocrx_word' id='word_1_253' title='bbox 3063 4167 3299 4247; x_wconf 81' lang='lat' dir='ltr'><strong>colligi,</strong></span> <span class='ocrx_word' id='word_1_254' title='bbox 3345 4168 3527 4231; x_wconf 90' lang='lat' dir='ltr'><strong>habes</strong></span> <span class='ocrx_word' id='word_1_255' title='bbox 3568 4188 3718 4249; x_wconf 91' lang='lat' dir='ltr'><strong>quae</strong></span> <span class='ocrx_word' id='word_1_256' title='bbox 3748 4169 4003 4230; x_wconf 74' lang='lat' dir='ltr'><strong>sufficias</strong></span> 
     </span>
     <span class='ocr_line' id='line_1_23' title="bbox 482 4264 4003 4353; baseline 0.002 -28"><span class='ocrx_word' id='word_1_257' title='bbox 482 4266 634 4345; x_wconf 88' lang='lat' dir='ltr'><strong>apud</strong></span> <span class='ocrx_word' id='word_1_258' title='bbox 676 4264 1056 4331; x_wconf 78' lang='lat' dir='ltr'><strong>Fritzschium</strong></span> <span class='ocrx_word' id='word_1_259' title='bbox 1100 4273 1226 4343; x_wconf 86' lang='lat' dir='ltr'><strong>(ed.</strong></span> <span class='ocrx_word' id='word_1_260' title='bbox 1261 4291 1373 4333; x_wconf 88' lang='lat' dir='ltr'><strong>ma.</strong></span> <span class='ocrx_word' id='word_1_261' title='bbox 1419 4273 1445 4333; x_wconf 92' lang='lat'>1</span> <span class='ocrx_word' id='word_1_262' title='bbox 1491 4291 1549 4353; x_wconf 89' lang='lat' dir='ltr'><strong>p.</strong></span> <span class='ocrx_word' id='word_1_263' title='bbox 1582 4267 1767 4351; x_wconf 81' lang='lat'><strong>345),</strong></span> <span class='ocrx_word' id='word_1_264' title='bbox 1815 4272 2028 4353; x_wconf 84' lang='lat' dir='ltr'><strong>quibus</strong></span> <span class='ocrx_word' id='word_1_265' title='bbox 2073 4277 2125 4333; x_wconf 90' lang='lat' dir='ltr'><strong>si</strong></span> <span class='ocrx_word' id='word_1_266' title='bbox 2171 4273 2366 4353; x_wconf 89' lang='lat' dir='ltr'><strong>placet</strong></span> <span class='ocrx_word' id='word_1_267' title='bbox 2410 4273 2559 4334; x_wconf 90' lang='lat' dir='ltr'><strong>adde</strong></span> <span class='ocrx_word' id='word_1_268' title='bbox 2606 4292 2761 4352; x_wconf 89' lang='lat' dir='ltr'><strong>quae</strong></span> <span class='ocrx_word' id='word_1_269' title='bbox 2806 4273 3023 4348; x_wconf 75' lang='lat' dir='ltr'><strong>infra1)</strong></span> <span class='ocrx_word' id='word_1_270' title='bbox 3071 4291 3376 4353; x_wconf 87' lang='lat' dir='ltr'><strong>exponam.</strong></span> <span class='ocrx_word' id='word_1_271' title='bbox 3466 4274 3588 4336; x_wconf 88' lang='lat' dir='ltr'><strong>Nos</strong></span> <span class='ocrx_word' id='word_1_272' title='bbox 3633 4276 3746 4335; x_wconf 88' lang='lat' dir='ltr'><strong>iam</strong></span> <span class='ocrx_word' id='word_1_273' title='bbox 3788 4283 4003 4353; x_wconf 87' lang='lat' dir='ltr'><strong>specte-</strong></span> 
     </span>
     <span class='ocr_line' id='line_1_24' title="bbox 477 4376 4003 4459; baseline 0.002 -28"><span class='ocrx_word' id='word_1_274' title='bbox 477 4387 608 4432; x_wconf 89' lang='lat' dir='ltr'><strong>mus</strong></span> <span class='ocrx_word' id='word_1_275' title='bbox 668 4377 986 4435; x_wconf 88' lang='lat' dir='ltr'><strong>accuratius</strong></span> <span class='ocrx_word' id='word_1_276' title='bbox 1053 4376 1241 4453; x_wconf 89' lang='lat' dir='ltr'><strong>qualis</strong></span> <span class='ocrx_word' id='word_1_277' title='bbox 1302 4380 1377 4438; x_wconf 91' lang='lat' dir='ltr'><strong>sit</strong></span> <span class='ocrx_word' id='word_1_278' title='bbox 1433 4377 1550 4439; x_wconf 91' lang='lat' dir='ltr'><strong>hoc</strong></span> <span class='ocrx_word' id='word_1_279' title='bbox 1600 4379 1856 4439; x_wconf 86' lang='lat' dir='ltr'><strong>carmine</strong></span> <span class='ocrx_word' id='word_1_280' title='bbox 1900 4397 2158 4459; x_wconf 89' lang='lat' dir='ltr'><strong>persona</strong></span> <span class='ocrx_word' id='word_1_281' title='bbox 2205 4376 2501 4458; x_wconf 85' lang='lat' dir='ltr'><strong>Cyclopis.</strong></span> <span class='ocrx_word' id='word_1_282' title='bbox 2591 4377 2726 4454; x_wconf 89' lang='lat' dir='ltr'><strong>Est,</strong></span> <span class='ocrx_word' id='word_1_283' title='bbox 2795 4387 2856 4439; x_wconf 87' lang='lat' dir='ltr'><strong>ut</strong></span> <span class='ocrx_word' id='word_1_284' title='bbox 2912 4396 3088 4459; x_wconf 90' lang='lat' dir='ltr'><strong>supra</strong></span> <span class='ocrx_word' id='word_1_285' title='bbox 3145 4377 3500 4456; x_wconf 82' lang='lat' dir='ltr'><strong>significavi,</strong></span> <span class='ocrx_word' id='word_1_286' title='bbox 3570 4379 4003 4442; x_wconf 85' lang='lat' dir='ltr'><strong>adulescentulu</strong></span> 
     </span>
     <span class='ocr_line' id='line_1_25' title="bbox 476 4473 4001 4563; baseline 0.003 -28"><span class='ocrx_word' id='word_1_287' title='bbox 476 4473 710 4555; x_wconf 86' lang='lat' dir='ltr'><strong>perdite</strong></span> <span class='ocrx_word' id='word_1_288' title='bbox 755 4492 946 4538; x_wconf 84' lang='lat' dir='ltr'><strong>amans</strong></span> <span class='ocrx_word' id='word_1_289' title='bbox 980 4476 1292 4539; x_wconf 72' lang='lat' dir='ltr'><strong>Nereidem</strong></span> <span class='ocrx_word' id='word_1_290' title='bbox 1327 4480 1743 4542; x_wconf 81' lang='lat' dir='ltr'><strong>dulcissimam.</strong></span> <span class='ocrx_word' id='word_1_291' title='bbox 1835 4480 2000 4555; x_wconf 84' lang='lat' dir='ltr'><strong>Quae</strong></span> <span class='ocrx_word' id='word_1_292' title='bbox 2046 4497 2178 4543; x_wconf 90' lang='lat' dir='ltr'><strong>cum</strong></span> <span class='ocrx_word' id='word_1_293' title='bbox 2227 4500 2359 4542; x_wconf 90' lang='lat' dir='ltr'><strong>eum</strong></span> <span class='ocrx_word' id='word_1_294' title='bbox 2404 4481 2706 4563; x_wconf 90' lang='lat' dir='ltr'><strong>repudiet,</strong></span> <span class='ocrx_word' id='word_1_295' title='bbox 2752 4480 3153 4543; x_wconf 86' lang='lat' dir='ltr'><strong>sollicitudine</strong></span> <span class='ocrx_word' id='word_1_296' title='bbox 3199 4485 3413 4544; x_wconf 89' lang='lat' dir='ltr'><strong>amoris</strong></span> <span class='ocrx_word' id='word_1_297' title='bbox 3457 4492 3759 4562; x_wconf 83' lang='lat' dir='ltr'><strong>torquetur</strong></span> <span class='ocrx_word' id='word_1_298' title='bbox 3802 4487 4001 4545; x_wconf 66' lang='lat' dir='ltr'><strong>misere</strong></span> 
     </span>
     <span class='ocr_line' id='line_1_26' title="bbox 475 4576 3999 4669; baseline 0.003 -31"><span class='ocrx_word' id='word_1_299' title='bbox 475 4576 734 4639; x_wconf 86' lang='lat' dir='ltr'><strong>Tandem</strong></span> <span class='ocrx_word' id='word_1_300' title='bbox 780 4579 999 4639; x_wconf 84' lang='lat' dir='ltr'><strong>invenit</strong></span> <span class='ocrx_word' id='word_1_301' title='bbox 1039 4582 1386 4643; x_wconf 88' lang='lat' dir='ltr'><strong>medicinam</strong></span> <span class='ocrx_word' id='word_1_302' title='bbox 1430 4585 1693 4645; x_wconf 84' lang='lat' dir='ltr'><strong>vulneris</strong></span> <span class='ocrx_word' id='word_1_303' title='bbox 1724 4585 1882 4664; x_wconf 89' lang='lat' dir='ltr'><strong>quod</strong></span> <span class='ocrx_word' id='word_1_304' title='bbox 1911 4588 2141 4667; x_wconf 89' lang='lat' dir='ltr'><strong>pectori</strong></span> <span class='ocrx_word' id='word_1_305' title='bbox 2176 4583 2387 4646; x_wconf 84' lang='lat' dir='ltr'><strong>inflixit</strong></span> <span class='ocrx_word' id='word_1_306' title='bbox 2413 4584 2630 4647; x_wconf 88' lang='lat' dir='ltr'><strong>Venus.</strong></span> <span class='ocrx_word' id='word_1_307' title='bbox 2721 4584 2989 4646; x_wconf 87' lang='lat' dir='ltr'><strong>Considit</strong></span> <span class='ocrx_word' id='word_1_308' title='bbox 3035 4589 3188 4648; x_wconf 91' lang='lat' dir='ltr'><strong>enim</strong></span> <span class='ocrx_word' id='word_1_309' title='bbox 3234 4590 3292 4647; x_wconf 89' lang='lat' dir='ltr'><strong>iu</strong></span> <span class='ocrx_word' id='word_1_310' title='bbox 3339 4587 3584 4669; x_wconf 88' lang='lat' dir='ltr'><strong>scopulo</strong></span> <span class='ocrx_word' id='word_1_311' title='bbox 3630 4587 3837 4666; x_wconf 88' lang='lat' dir='ltr'><strong>litoris,</strong></span> <span class='ocrx_word' id='word_1_312' title='bbox 3882 4587 3999 4647; x_wconf 87' lang='lat' dir='ltr'><strong>und</strong></span> 
     </span>
     <span class='ocr_line' id='line_1_27' title="bbox 473 4681 4001 4782; baseline 0.003 -40"><span class='ocrx_word' id='word_1_313' title='bbox 473 4681 732 4742; x_wconf 86' lang='lat' dir='ltr'><strong>auditum</strong></span> <span class='ocrx_word' id='word_1_314' title='bbox 787 4699 856 4742; x_wconf 90' lang='lat' dir='ltr'><strong>se</strong></span> <span class='ocrx_word' id='word_1_315' title='bbox 913 4682 987 4741; x_wconf 90' lang='lat' dir='ltr'><strong>iri</strong></span> <span class='ocrx_word' id='word_1_316' title='bbox 1038 4685 1273 4748; x_wconf 84' lang='lat' dir='ltr'><strong>confidit</strong></span> <span class='ocrx_word' id='word_1_317' title='bbox 1330 4704 1366 4747; x_wconf 91' lang='lat' dir='ltr'><strong>a</strong></span> <span class='ocrx_word' id='word_1_318' title='bbox 1411 4685 1682 4766; x_wconf 87' lang='lat' dir='ltr'><strong>Galatea,</strong></span> <span class='ocrx_word' id='word_1_319' title='bbox 1752 4697 1813 4749; x_wconf 89' lang='lat' dir='ltr'><strong>et</strong></span> <span class='ocrx_word' id='word_1_320' title='bbox 1867 4708 2112 4752; x_wconf 84' lang='lat' dir='ltr'><strong>securus</strong></span> <span class='ocrx_word' id='word_1_321' title='bbox 2173 4688 2248 4750; x_wconf 92' lang='lat' dir='ltr'><strong>de</strong></span> <span class='ocrx_word' id='word_1_322' title='bbox 2305 4707 2497 4770; x_wconf 77' lang='lat' dir='ltr'><strong>grege</strong></span> <span class='ocrx_word' id='word_1_323' title='bbox 2554 4707 2814 4751; x_wconf 91' lang='lat' dir='ltr'><strong>amorem</strong></span> <span class='ocrx_word' id='word_1_324' title='bbox 2872 4708 3036 4754; x_wconf 89' lang='lat' dir='ltr'><strong>suum</strong></span> <span class='ocrx_word' id='word_1_325' title='bbox 3100 4693 3257 4752; x_wconf 89' lang='lat' dir='ltr'><strong>canit</strong></span> <span class='ocrx_word' id='word_1_326' title='bbox 3314 4700 3373 4753; x_wconf 90' lang='lat' dir='ltr'><strong>et</strong></span> <span class='ocrx_word' id='word_1_327' title='bbox 3423 4693 3676 4756; x_wconf 88' lang='lat' dir='ltr'><strong>carmine</strong></span> <span class='ocrx_word' id='word_1_328' title='bbox 3722 4700 3792 4782; x_wconf 32' lang='lat' dir='ltr'><strong>et·</strong></span> <span class='ocrx_word' id='word_1_329' title='bbox 3825 4690 4001 4752; x_wconf 74' lang='lat' dir='ltr'><strong>fistula</strong></span> 
     </span>
    </p>
   </div>
   <div class='ocr_carea' id='block_1_3' title="bbox 682 4890 3293 5067">
    <p class='ocr_par' dir='ltr' id='par_1_7' title="bbox 682 4890 3293 5067">
     <span class='ocr_line' id='line_1_28' title="bbox 682 4890 2210 4996; baseline -0.001 -38"><span class='ocrx_word' id='word_1_330' title='bbox 682 4903 731 4973; x_wconf 76' lang='lat' dir='ltr'><strong>&#39;J</strong></span> <span class='ocrx_word' id='word_1_331' title='bbox 789 4905 1118 4958; x_wconf 85' lang='lat' dir='ltr'><strong>Scholiastae</strong></span> <span class='ocrx_word' id='word_1_332' title='bbox 1157 4908 1420 4996; x_wconf 73' lang='lat' dir='ltr'><strong>appellant</strong></span> <span class='ocrx_word' id='word_1_333' title='bbox 1453 4907 1687 4975; x_wconf 81' lang='lat' dir='ltr'><strong>idyllium</strong></span> <span class='ocrx_word' id='word_1_334' title='bbox 1726 4890 2210 4979; x_wconf 72' lang='grc' dir='ltr'><strong><em>διηγηματικόν.</em></strong></span> 
     </span>
     <span class='ocr_line' id='line_1_29' title="bbox 3265 5016 3293 5067; baseline 0 0"><span class='ocrx_word' id='word_1_335' title='bbox 3265 5016 3293 5067; x_wconf 95' lang='grc'>1</span> 
     </span>
    </p>
   </div>
  </div>
 </body>
</html>
