4167 5517
2159 384 2200 456 9

652 600 743 662 Ac
787 594 1070 659 notabilis
1121 602 1213 656 est
1253 593 1665 656 inconcinnitas
1709 608 1825 671 qua
1867 601 2006 672 post
2048 589 2165 653 duo
2210 580 2350 654 οὔτ’
2394 590 2467 653 ἐν
2510 590 2833 654 collocatur
2875 584 2950 655 οὗ
2995 610 3129 656 cum
3169 596 3456 672 genitivo.
3547 593 3668 656 Sed
3710 613 3788 656 ne
3815 614 3961 676 par-

398 705 588 768 ticulis
634 720 781 783 quas
828 718 940 761 nos
989 698 1237 759 dicimus
1279 695 1651 758 correlativis
1697 695 1884 756 oratio
1929 694 2101 756 lieret
2143 696 2339 757 ieiuna
2384 704 2729 758 structuram
2775 696 3100 762 incohatam
3147 696 3357 762 leviter
3400 706 3577 778 poeta
3622 701 3961 761 immutavit.

390 809 605 888 Neque
647 822 832 888 porro
878 799 1185 884 χειμῶνος
1230 790 1408 883 ἄκρα)
1456 799 1653 864 obstat
1695 800 2006 879 quominus
2047 798 2244 860 hieme
2290 802 2518 880 copiam
2564 800 2749 862 fuisse
2794 803 2951 864 casei
2981 809 3326 878 statuamus,
3371 811 3433 863 ut
3459 803 3619 881 quod
3651 802 3962 865 desidera-

386 922 486 975 tur
529 911 600 973 ἓν
644 903 914 989 χειμῶνι
970 904 1332 984 cogitatione
1393 903 1624 985 expleri
1675 904 1882 983 possit.
1971 902 2054 963 At
2108 901 2326 964 indicat
2368 912 2675 983 praeterea
2715 901 3023 984 χειμῶνος
3068 894 3242 988 ἄκρω
3287 924 3364 968 ne
3408 908 3682 967 extremis
3729 906 3964 986 quidem

389 1015 606 1078 hiemis
639 1010 846 1074 diebus
858 1006 927 1091 θ)
972 1025 1205 1070 caseum
1239 1006 1524 1070 defuisse.
1573 1040 1652 1053 -
1700 1005 1917 1067 Verum
1950 1006 2137 1067 altero
2180 1023 2268 1068 vs.
2315 1005 2683 1070 hemisticbio
2732 1007 2985 1089 Cyclops
3031 1011 3200 1089 quasi
3243 1028 3520 1071 summam
3563 1009 3705 1071 facit
3747 1010 3961 1074 simul-

392 1138 512 1200 qne
560 1123 723 1177 tecte
765 1113 1019 1176 ostendit
1063 1130 1185 1175 non
1234 1129 1465 1174 omnem
1512 1128 1580 1171 se
1627 1112 1857 1192 copiam
1903 1127 2282 1188 consumere,
2330 1113 2469 1190 quin
2513 1130 2745 1192 semper
2787 1111 3007 1180 habere
3052 1113 3207 1191 quod
3255 1113 3433 1175 edere
3478 1117 3663 1194 possit
3704 1113 3923 1193 puella.

658 1236 787 1296 Jam
830 1252 967 1295 vero
1013 1252 1135 1296 vss.
1184 1228 1462 1294 38—41
1511 1229 1847 1292 Fistulae
1890 1239 2142 1311 cantu,
2188 1232 2377 1311 inquit
2422 1229 2703 1313 Cyclops,
2758 1232 3095 1311 excello,
3141 1232 3553 1295 celebrans
3597 1252 3958 1314 praeser-

399 1342 525 1400 tim
581 1358 800 1400 meum
855 1340 927 1399 in
987 1347 1062 1399 te
1123 1353 1455 1397 amorem.
1544 1333 1951 1395 Praeterea
2007 1333 2270 1396 donum
2340 1334 2718 1398 destinavi
2782 1338 2922 1398 tibi
2989 1337 3334 1398 undecim
3400 1336 3809 1399 hinnuleos
3875 1355 3958 1399 ac

394 1452 748 1523 quattuor
789 1461 1006 1504 ursos
1054 1439 1364 1502 catulos.

651 1564 843 1642 Atque
888 1565 950 1623 in
996 1578 1170 1621 versu
1215 1560 1451 1640 quidem
1482 1554 1569 1622 38
1609 1558 1748 1621 vide
1794 1577 1966 1639 qnam
2012 1567 2138 1620 arte
2181 1558 2422 1619 verbum
2466 1557 2842 1642 ἐπίσταμαι
2885 1563 2945 1621 in
2991 1563 3386 1622 enuntiatione
3432 1560 3776 1622 secundaria
3819 1558 3956 1621 col-

396 1668 649 1729 locatum
694 1675 882 1729 totum
928 1682 1164 1725 versum
1211 1667 1378 1745 quasi
1436 1665 1735 1727 contineat
1792 1681 1864 1724 ac
1918 1666 2301 1743 constringat.
2388 1661 2599 1743 Neque
2642 1674 2834 1727 tamen
2878 1667 3266 1748 perspicuitas
3310 1668 3650 1726 sententiae·
3679 1666 3957 1726 minuitur

394 1790 468 1833 eo
525 1771 685 1851 quod
742 1774 825 1829 ita
885 1786 1030 1828 voce
1087 1769 1489 1845 ἐπίσταται,
1557 1785 1729 1848 quam
1784 1768 2013 1828 tertiam
2066 1784 2380 1847 personam
2435 1778 2569 1850 post
2625 1760 2803 1843 οὔτις
2856 1770 3285 1847 desideramus,
3351 1776 3525 1850 poeta
3585 1767 3954 1850 supersedet.

389 1874 535 1936 Nam
575 1874 767 1935 verbo
814 1869 1120 1955 συρίσδεν
1165 1876 1224 1932 in
1271 1874 1562 1952 principio
1607 1889 1814 1932 versus
1857 1871 2053 1952 posito
2099 1876 2387 1934 sententia
2432 1877 2570 1935 satis
2614 1874 2947 1936 illustratur.
2993 1909 3081 1921 --
3124 1875 3224 1936 Vs.
3271 1882 3464 1934 autem
3493 1869 3579 1934 39
3610 1875 3799 1933 minus
3831 1879 3953 1931 arte

391 1999 527 2041 cum
575 1951 947 2038 antecedenti
993 1975 1287 2037 cohaeret.
1381 1975 1784 2057 Supplendnm
1830 1977 1987 2036 enim
2032 1986 2125 2036 est
2166 1983 2219 2035 et
2258 1980 2339 2038 sio
2362 1965 2566 2057 fistula
2610 1998 2771 2040 cano.
2819 2013 2903 2024 —
2960 1980 3087 2041 Jam
3129 1979 3257 2041 τὶν
3301 1998 3325 2039 ι
3372 1984 3647 2056 correpto
3695 1977 3831 2054 quin
3879 1976 3956 2034 sit

391 2083 587 2143 forma
633 2082 944 2142 accusativi
984 2084 1233 2160 yenuina
1247 2078 1374 2162 4⁶),
1420 2090 1488 2141 ut
1527 2080 1644 2162 μὶν
1687 2088 1746 2141 et
1787 2081 1921 2156 νίν,
1966 2088 2274 2158 utrumque
2319 2101 2345 2142 ι
2388 2091 2688 2162 correpto,
2734 2080 2875 2142 mihi
2919 2100 3036 2143 non
3082 2092 3170 2143 est
3215 2081 3469 2143 dubium.
3520 2111 3596 2124 —
3645 2078 3790 2140 Tum
3833 2096 3953 2139 vo-

397 2203 498 2245 ces
543 2178 816 2268 a‘ffidw)
861 2177 1396 2268 xvffffloevvbvfl)
1445 2203 1587 2245 cave
1636 2184 1807 2245 aliter
1851 2182 2119 2262 explices
2165 2203 2334 2264 quam
2381 2185 2493 2246 hoc
2536 2185 2739 2246 modo:
2782 2187 2952 2245 simul
2992 2187 3159 2246 etiam
3200 2205 3307 2245 me.
3377 2217 3457 2230 —
3526 2182 3661 2261 Age
3703 2182 3955 2244 observa
4063 2257 4064 2260 Ἴ

391 2285 634 2369 γλυκύ
646 2310 695 2369 μ
711 2286 904 2350 αλον
966 2297 1027 2349 ut
1080 2290 1306 2350 scholia
1354 2296 1642 2349 testantur
1685 2285 1906 2367 (neque
1952 2304 2068 2365 ego
2114 2288 2262 2350 baec
2304 2308 2465 2350 mera
2509 2291 2732 2350 somnia
2778 2306 2910 2349 esse
2955 2286 3231 2368 arbitror)
3276 2289 3350 2349 ab
3392 2287 3746 2349 amatoribus
3774 2303 3953 2347 usur-

389 2405 590 2476 patum
638 2412 772 2453 esse
815 2411 993 2480 sensu
1038 2393 1277 2472 tralato,
1351 2402 1414 2454 ut
1456 2391 1825 2454 blandientes
1868 2390 2083 2469 puellis
2130 2397 2334 2453 amatis
2377 2393 2754 2471 loquerentur
2809 2388 3049 2471 γλυκύ
3109 2412 3260 2472 μου
3314 2388 3566 2475 μῆλον
3622 2390 3952 2453 alludentes

391 2499 600 2576 generi
624 2485 932 2577 pomortim
981 2516 1136 2576 quae
1180 2497 1541 2559 vocabantur
1583 2492 1957 2579 γλυκύμηλα
2007 2501 2135 2558 sive
2177 2492 2521 2578 μελίμηλὰ.
2614 2495 2785 2570 Quod
2829 2495 3286 2557 blandimentum
3332 2500 3411 2557 ita
3458 2492 3950 2575 interpretandum

394 2610 483 2662 est
538 2609 602 2660 ut
645 2598 853 2682 μκῆλον
898 2604 974 2659 sit
1018 2603 1271 2661 nominis
1315 2602 1484 2678 loco,
1530 2602 1710 2663 veluti
1756 2603 1851 2663 hic
1896 2601 2208 2678 Galateae,
2254 2595 2448 2680 γλυκὺ
2493 2618 2635 2661 vero
2674 2608 3033 2661 venustatem
3077 2589 3311 2679 puellae
3341 2600 3651 2679 significet.
3695 2633 3781 2643 —
3822 2596 3949 2659 Jam

391 2723 478 2766 ve.
523 2700 610 2765 40
655 2723 833 2783 supra
885 2707 1337 2764 commemoravi
1383 2701 1485 2784 (ad
1525 2724 1614 2766 vs.
1664 2702 1802 2786 15).
1882 2705 1996 2766 Hic
2052 2704 2341 2767 admoneo
2395 2698 2678 2777 νυκτὸς
2733 2695 2932 2787 ἀωρὶ
2986 2703 3141 2765 idem
3191 2704 3319 2764 fere
3365 2721 3500 2764 esse
3544 2712 3721 2782 atque
3763 2713 3950 2781 μεσο-

397 2802 653 2869 νύκτιον
694 2807 826 2884 vel,
900 2805 961 2867 id
1008 2806 1164 2886 quod
1211 2805 1416 2867 maluit
1460 2817 1659 2870 auctor
1703 2809 1891 2888 idyssii
1936 2805 2128 2868 XXIV
2173 2806 2288 2889 (vs,
2332 2803 2479 2890 90),
2541 2808 2727 2869 νυκτὶ
2769 2811 2974 2891 μέσᾳ,
3042 2809 3149 2868 sed
3200 2816 3455 2869 nostrum
3499 2809 3618 2867 vim
3663 2803 3952 2885 quandam

392 2909 572 2970 habet
613 2914 919 2990 poeticam.
1012 2912 1197 2972 Favet
1244 2914 1399 2971 enim
1446 2929 1566 2973 nox
1611 2914 1802 2976 media
1847 2932 1979 2975 cum
2026 2930 2230 2975 somno
2276 2920 2393 2970 tum
2439 2911 2615 2972 rebus
2660 2913 2902 2990 magicis
2946 2928 3015 2970 ac
3044 2911 3330 2972 scelestis.
3408 2909 3805 2990 Quapropter,
3852 2912 3950 2987 qui

386 3031 598 3074 somno
648 3015 924 3093 neglecto
970 3026 1202 3096 tempus
1246 3026 1595 3078 nocturnum
1641 3018 1742 3079 alii
1787 3020 1875 3078 rei
1922 3016 2229 3080 faciendae
2275 3015 2552 3092 destinat,
2621 3015 3046 3096 quodammodo
3091 3018 3216 3094 agit
3264 3016 3464 3096 impie.
3555 3013 3700 3075 Tum
3744 3015 3949 3077 Graeci

389 3118 589 3180 dicunt
634 3110 893 3201 ἄωρίᾳ
932 3122 1056 3180 sive
1102 3111 1450 3203 dwpt'st),
1495 3119 1684 3181 Latini
1713 3129 1875 3182 nocte
1902 3124 2267 3202 intempesta,
2310 3122 2494 3183 nostri
2525 3120 2791 3183 homines
2835 3117 2943 3186 bei
2990 3113 3671 3199 mittetndsstlicbet
3713 3114 3948 3183 §meite

389 3223 517 3281 sive
560 3217 674 3284 bei
716 3217 1384 3303 nacbtfcfflafenbet
1427 3219 1610 3299 Scit.
1656 3259 1740 3269 —
1786 3224 2005 3287 Verum
2051 3227 2481 3307 perspicuitatis
2527 3243 2701 3286 causa
2743 3225 2841 3286 hic
2885 3225 3136 3287 additum
3173 3233 3264 3285 est
3291 3218 3645 3305 wanda-4⁹).
3689 3255 3779 3268 ·--
3820 3222 3949 3282 Jam

380 3343 502 3386 vss.
533 3322 613 3385 41
653 3333 715 3383 et
742 3321 826 3384 42
855 3344 975 3386 non
1010 3334 1101 3385 est
1145 3329 1351 3388 mirum
1399 3327 1559 3407 quod
1596 3327 1885 3409 Cyclops,
1931 3338 2137 3410 utpote
2182 3332 2282 3408 qui
2327 3330 2401 3390 sit
2444 3337 2644 3409 pastor
2689 3340 2747 3389 et
2787 3338 3061 3405 venator,
3107 3325 3417 3388 hinnuleos
3460 3328 3565 3388 alit
3607 3345 3677 3387 ac
3719 3325 3948 3385 catulos

382 3447 685 3505 ursorum,
757 3430 1036 3508 quodque
1099 3428 1411 3492 hinnuleos
1467 3432 1602 3492 illos
1644 3432 1888 3494 Nereidi
1943 3433 2103 3495 dono
2162 3452 2228 3495 se
2286 3432 2547 3493 daturum
2606 3435 2917 3513 promittit,
2986 3440 3045 3492 at
3102 3430 3256 3509 quod
3314 3430 3477 3491 addit
3527 3447 3699 3490 ursos
3753 3446 3949 3490 nonne

386 3533 818 3594 festivissimum
880 3533 1018 3594 est?
1088 3567 1159 3577 —
1242 3535 1331 3596 Ad
1375 3554 1466 3597 vs.
1510 3546 1707 3597 autem
1751 3536 1828 3598 41
1892 3537 2077 3599 verbo
2124 3552 2516 3597 commemoro
2563 3532 2830 3607 πάσας
2884 3536 3082 3595 ultima
3141 3544 3414 3614 correpta
3460 3532 3946 3613 pronuntiandum

389 3655 521 3697 esse
539 3635 648 3718 ³⁰).
2104 3646 2108 3650 ’

644 3758 812 3819 Nunc
854 3759 1161 3821 videamus
1208 3762 1436 3822 tertiam
1486 3762 1818 3823 cantilenae
1864 3773 2110 3844 partem.
2196 3762 2322 3822 Jam
2369 3763 2420 3819 si
2464 3778 2694 3820 carmen
2726 3765 2985 3820 nostrum
3020 3758 3328 3834 recitabis,
3373 3767 3505 3818 ante
3548 3765 3634 3819 v's.
3664 3752 3751 3815 42
3793 3774 3948 3835 pau-

394 3856 579 3918 lulum
624 3861 902 3944 subsiste.¹
988 3862 1248 3943 Cyclops
1297 3866 1448 3924 enim
1495 3884 1651 3925 nunc
1698 3865 1889 3926 fistula
1934 3870 2090 3927 canit
2132 3865 2610 3943 redintegratque
2655 3882 2818 3944 spem
2866 3864 3260 3944 deposituram
3304 3880 3437 3922 esse
3479 3857 3736 3941 puellam
3771 3858 3946 3920 fasti-

387 3961 571 4054 dium.
658 3964 780 4037 Qua
838 3986 945 4046 spe
1004 3967 1289 4028 adductus
1351 3969 1554 4029 invitat
1611 3966 1763 4050 (vss.
1811 3966 2131 4051 42—53)
2190 3969 2485 4031 Galateam
2544 3977 2607 4028 ut
2660 3971 2857 4029 veniat
2912 3985 2980 4027 ac
3037 3985 3232 4028 secum
3287 3967 3460 4025 vivat.
3553 3960 3758 4023 Omnia
3813 3980 3945 4022 esse

385 4064 834 4144 iucundissima,
880 4088 1150 4150 quaeque
1199 4070 1580 4150 displiceant,
1628 4089 1697 4132 ea
1742 4091 1921 4152 posse
1966 4072 2117 4135 tolli.

646 4184 734 4245 Ac
790 4204 904 4245 vss.
953 4189 1185 4267 quidem
1233 4187 1546 4251 42-44
1615 4193 1691 4251 Si
1735 4195 2071 4270 veneris,
2129 4194 2348 4271 inquit,
2408 4193 2726 4252 omnium
2773 4208 3008 4252 rerum
3055 4190 3206 4249 eris
3250 4186 3655 4272 particeps,
3743 4184 3946 4246 Mitte

391 4302 660 4368 quaeso
705 4289 989 4349 flnctus
1034 4297 1282 4372 maris,
1330 4293 1642 4355 suavius
1687 4314 1956 4355 mecum
2004 4299 2072 4357 in
2119 4293 2326 4357 antro
2373 4293 2627 4372 deges.

646 4406 966 4488 Vs,autem
992 4408 1077 4476 42
1127 4381 1267 4486 dicit
1311 4405 1517 4476 ποθ’
1564 4407 1752 4496 ἁμέ,
1801 4417 1840 4476 i.
1886 4434 1940 4476 e.
1988 4415 2062 4477 ad
2108 4432 2247 4492 nos,
2306 4432 2421 4494 quo
2467 4412 2680 4494 plurali
2725 4432 2791 4478 se
2836 4431 3093 4492 suosque
3137 4412 3347 4474 fratres
3391 4413 3710 4492 significat,
3770 4409 3947 4491 plane

383 4519 450 4571 nt
491 4528 644 4571 voce
687 4499 884 4591 ὔμμιν
929 4512 1043 4595 (vs.
1092 4508 1205 4595 62)
1252 4515 1546 4579 Galateam
1593 4519 1969 4599 reliquasque
2012 4518 2320 4584 Nereides.

646 4633 809 4700 Idem
851 4647 1046 4706 wrm
1094 4638 1362 4706 festivior
1406 4641 1541 4719 fiat,
1584 4660 1793 4710 vocum
1838 4632 2078 4704 οὐδὲν
2122 4636 2481 4704 ἔλασσον
2525 4642 2756 4702 ascisco
2783 4640 3319 4719 interpretationem
3347 4637 3527 4702 hanc:
3573 4633 3772 4698 eadem
3802 4654 3946 4714 quae

385 4744 601 4815 We*
650 4739 775 4817 *Ῥόθ
830 4741 1001 4802 etiam
1052 4749 1113 4802 tw
1166 4743 1403 4808 habebis
1458 4748 1672 4838 emnia.
1782 4744 1929 4810 Vult
1981 4747 2134 4810 enim
2193 4743 2448 4828 Cyclops
2503 4743 2736 4824 puellae
2793 4737 2982 4821 gratia
3038 4741 3275 4806 domare
3329 4741 3707 4808 voracitatem
3759 4759 3941 4808 suam.

586 4960 634 5027 ')
695 4963 934 5016 Seumius
969 4974 1151 5018 noster
1185 4977 1333 5020 recte
1370 4967 1533 5018 vertit
1562 4964 1648 5019 im
1683 4965 2007 5036 §pateften
2043 4966 2311 5028 ffssitttett.

3170 5072 3204 5123 2
