4167 5517
2048 347 2092 415 2

282 552 447 615 cuius
490 561 583 613 est
621 551 871 612 maxime
914 551 1155 631 peritus.
1244 548 1402 611 Sane
1445 550 1645 612 furore
1690 550 1963 631 abreptus
2009 551 2185 612 stulta
2229 551 2496 613 decernit
2538 561 2600 613 et
2642 560 2904 614 extrema
2953 555 3247 633 minatur,
3317 555 3453 635 sed,
3523 559 3574 619 si
3619 568 3860 640 poetam

282 657 580 734 intellexi,
643 674 763 716 non
809 654 1063 716 facturus
1113 648 1308 727 esst).
1398 652 1511 714 Ubi
1555 671 1697 714 vero
1743 654 2259 716 vehementissime
2306 657 2575 717 incitatus
2621 666 2741 734 est,
2809 656 2883 718 ad
2929 675 3130 718 sanam
3181 667 3435 720 mentem
3479 679 3545 722 se
3591 677 3853 731 revocat.

281 760 565 823 Decernit
605 762 759 821 enim
803 768 863 819 et
906 777 1152 838 gregem
1196 775 1403 819 curare
1449 765 1507 818 et
1551 758 1697 819 alias
1740 758 1970 838 puellas
2017 777 2328 838 quaerere.

540 863 831 926 Hactenus
875 869 1069 944 poeta.
1114 859 1350 935 ‘Quid‘e
1405 864 1454 922 si
1500 858 1819 941 Cyclopem
1863 871 1962 922 aut
2005 872 2288 943 spernunt
2331 860 2570 943 puellae
2614 872 2927 925 terrestres
2975 875 3075 925 aut
3127 865 3319 928 denuo
3366 867 3579 950 abripit
3620 874 3851 953 impro-

278 968 394 1030 bus
446 964 721 1029 Galateae
785 966 993 1027 amor?
1115 964 1260 1026 Tum
1327 967 1538 1045 opinor
1603 968 1663 1026 in
1718 965 1941 1026 eisdem
1998 965 2180 1027 Musis
2246 965 2534 1027 solacium
2594 976 2859 1047 quaeret.
2992 967 3187 1043 Quare
3244 975 3568 1051 putaverim
3624 994 3754 1037 eum
3813 998 3850 1041 a

280 1081 452 1153 poeta
496 1071 632 1149 fingi
680 1070 900 1133 cottidie
945 1081 1277 1145 canentem,
1325 1076 1385 1129 ut
1433 1068 1705 1149 paulatitu
1753 1072 2055 1148 corrigens
2101 1069 2454 1130 dementiam
2498 1088 2568 1130 ac
2610 1072 2729 1131 vim
2772 1074 2987 1132 amoris
3031 1072 3344 1134 debilitans
3419 1078 3479 1137 iu
3510 1077 3637 1138 dies
3667 1083 3851 1160 magis

284 1177 380 1237 fiat
420 1193 612 1237 aauue.
704 1173 961 1249 Quorum
1009 1173 1241 1253 quidem
1289 1177 1597 1233 carminum
1649 1173 1873 1233 ridetur
1916 1173 2058 1234 mibi
2105 1171 2437 1252 exemplum
2479 1176 2900 1235 communicari
2950 1192 3078 1235 cum
3123 1178 3331 1238 amico.

540 1277 732 1357 Atque
776 1281 937 1341 illum
985 1285 1105 1337 toto
1153 1277 1357 1353 idyllia
1405 1277 1717 1357 perstringi
1761 1278 2165 1337 venustissima
2211 1278 2526 1340 festivitate
2572 1278 2714 1339 mibi
2760 1277 2997 1357 quidem
3046 1298 3383 1360 persuasum
3416 1290 3525 1342 est.
3617 1284 3848 1358 Quam-

284 1401 452 1461 quam
496 1401 608 1445 uec
652 1381 868 1461 ubique
900 1385 1105 1441 sentiri
1137 1393 1361 1461 potest,
1409 1401 1521 1441 aee
1565 1381 1833 1461 equidem
1879 1382 2014 1442 huic
2058 1384 2433 1443 coniecturae
2480 1383 2720 1443 multum
2764 1383 2965 1444 tribuo
3017 1382 3092 1444 ad
3142 1384 3579 1464 percipiendam
3627 1389 3846 1449 carmi-

280 1489 372 1549 nis
416 1477 532 1545 *rim
576 1489 884 1565 poetieam.
977 1485 1153 1545 Guiua
1209 1505 1417 1545 seusus
1473 1485 1781 1565 allegorici
1837 1488 2087 1564 vestigia
2130 1494 2416 1566 apparent
2457 1504 2576 1547 vss.
2628 1482 2730 1548 ll.
2777 1484 2883 1548 72.
2932 1483 3053 1565 80,
3125 1487 3225 1548 ubi
3282 1469 3397 1548 uon
3456 1487 3694 1550 dubium
3760 1500 3853 1553 est

280 1593 420 1669 quia
464 1593 524 1652 ia
568 1589 732 1649 Nicia
776 1589 1081 1649 eludantur
1125 1589 1495 1669 neglegentia
1545 1589 1867 1649 officiorum
1914 1597 1972 1648 et
2016 1592 2230 1649 amoris
2277 1589 2658 1662 dementiass).
2769 1589 2977 1670 Neque
3039 1594 3384 1669 negaverim
3424 1592 3681 1671 Niciam,
3742 1598 3845 1674 qui

280 1705 488 1773 postea
532 1713 660 1753 eum
704 1693 1085 1773 Tbeugeaide
1133 1713 1313 1753 uxore
1361 1693 1693 1753 felicissime
1741 1692 2289 1768 &auf-admodum
2344 1694 2616 1754 iuvenem
2681 1692 2779 1753 vel
2837 1692 3343 1755 adulescentulum
3400 1696 3647 1775 puellam
3696 1697 3841 1777 pul-

280 1797 624 1857 cherrimam
668 1797 764 1857 rel
812 1817 1033 1857 summo
1065 1797 1197 1857 loeo
1241 1805 1429 1853 natam
1473 1793 1569 1853 rel
1617 1793 1729 1853 alia
1777 1813 1841 1857 re
1885 1794 2163 1857 Galateae
2207 1797 2455 1857 similem
2504 1814 2623 1858 non
2661 1796 3021 1859 reclamatum
3056 1799 3363 1858 amavisse.
3445 1797 3659 1859 Verum
3691 1800 3843 1860 haec

284 1905 456 1961 missa
504 1901 676 1961 facio.
760 1901 969 1981 Neque
1017 1905 1113 1977 qui
1157 1909 1293 1961 aute
1337 1909 1397 1957 et
1441 1909 1573 1981 poet
1617 1897 1981 1961 Theocritum
2027 1898 2307 1981 Cyclopis
2353 1918 2605 1980 persona
2650 1900 2852 1980 aliquo
2899 1901 3075 1963 modo
3098 1900 3156 1973 ³)
3202 1904 3295 1962 usi
3353 1902 3501 1981 siut,
3570 1903 3843 1982 quoniam

284 2009 760 2087 praestantiorum
808 2013 1105 2085 poetarum
1153 2007 1265 2065 iam
1309 2021 1485 2083 supra
1529 2005 1745 2065 mentio
1793 2005 1943 2063 facta
1989 2013 2110 2082 est,
2156 2005 2271 2066 hoc
2315 2006 2447 2067 loco
2495 2004 2874 2066 enumerandi
2918 2002 3293 2078 videntur4).

540 2109 708 2169 Nune
748 2109 892 2169 illutl
941 2105 1329 2189 quaerendum
1377 2117 1493 2185 eat,
1553 2125 1669 2185 qua,
1713 2117 1833 2169 arte
1879 2114 2052 2187 poeta
2098 2112 2397 2171 materiam
2442 2114 2726 2190 perquam
2771 2108 2986 2169 bellam
3024 2111 3396 2194 tractaverit.
3500 2112 3698 2185 Quare
3741 2112 3843 2172 ubi

288 2217 504 2293 legeris
564 2233 712 2293 quae
768 2213 1121 2273 Fritaaebioa
1177 2213 1269 2273 ed.
1333 2217 1461 2273 mai.
1509 2213 1533 2269 Ι
1593 2233 1649 2289 Ρ.
1697 2205 1818 2273 341
1869 2220 2061 2273 narrat
2106 2211 2181 2272 de
2226 2218 2597 2293 argumento,
2643 2212 2995 2274 videbimus.
3050 2232 3204 2293 quae
3248 2224 3441 2294 partes
3485 2214 3837 2289 cantilenae,

288 2341 456 2401 quam
500 2321 748 2381 intexuit
788 2325 961 2397 poeta
1009 2317 1313 2397 epistulae,
1357 2321 1473 2377 aiot
1517 2314 1974 2378 constituendae.
2062 2316 2153 2376 Ao
2195 2317 2333 2377 mihi
2382 2317 2620 2396 quidem
2664 2317 2899 2378 videtur
2952 2316 3139 2378 divisa
3184 2336 3318 2402 esse
3363 2320 3423 2378 in
3467 2325 3663 2397 partes
3710 2334 3837 2393 sex,

284 2445 524 2505 quarum
580 2421 1045 2501 intercapedine-s
1105 2421 1445 2501 Crfeloperu3
1517 2429 1577 2477 ut
1641 2437 1813 2497 supra
1870 2418 2175 2498 admonui,
2243 2420 2472 2483 fistulae
2528 2429 2701 2482 cautu
2762 2422 3101 2500 explentem
3165 2422 3306 2499 fingi
3366 2425 3690 2503 putaverim
3705 2420 3845 2499 fl).

288 2525 488 2589 Partes
536 2537 720 2585 autern
768 2529 1041 2585 existimo
1089 2545 1221 2585 ease
1269 2525 1405 2585 baa:

512 2629 556 2693 Ι.
616 2625 756 2689 Vsa-¹
780 2625 1069 2689 19—29.
1133 2629 1465 2689 [leolaratur
1501 2629 1789 2685 fastidium
1825 2624 2098 2687 Galateae
2128 2623 2474 2701 (19—24)
2512 2637 2572 2688 et
2603 2647 2859 2689 summus
2892 2629 3245 2711 Polyphemi
3276 2648 3439 2692 amor
3469 2627 3839 2708 (25—29).

496 2733 568 2797 11.
624 2733 756 2793 Vae.
784 2729 1085 2793 Sit—41.
1145 2729 1501 2789 Describitur
1545 2737 1665 2789 oria
1713 2729 2045 2791 deformitas
2094 2726 2469 2810 (30—33),
2527 2742 2800 2812 superata
2845 2743 2907 2794 et
2954 2734 3174 2794 divitiis
3222 2731 3568 2808 (34—37)
3618 2746 3676 2797 et
3718 2743 3842 2796 arte

760 2845 937 2913 atque
981 2833 1281 2893 voluntate
1325 2833 1589 2893 officiosa
1633 2833 1973 2913 Polyphemi
2019 2830 2385 2908 (38—41).

464 2941 560 3002 111.
620 2941 752 3001 Vsa*
796 2933 1093 3001 42453.
1165 2941 1373 2997 inritat
1421 2937 1669 3017 Cyclops
1717 2937 2008 3001 Galateam
2053 2937 2128 2999 ad
2172 2941 2359 3017 ipsum
2416 2948 2479 3000 ut
2529 2924 2757 3017 veniat,
2826 2949 3024 3021 potest
3084 2942 3238 2999 enim
3294 2940 3501 3001 multas
3561 2942 3849 3022 praebere

764 3041 1001 3101 deliciae
1049 3037 1389 3117 [aa—119]
1437 3053 1609 3121 atque
1653 3041 1964 3102 iniucunda
2009 3041 2223 3102 tollere
2269 3038 2637 3115 (50—53).

464 3149 564 3209 lv.
620 3145 752 3205 van.
800 3141 1097 3205 aet—62.
1165 3145 1433 3221 Queritur
1481 3149 1637 3225 quau
1685 3165 1845 3209 mare
1887 3150 1999 3229 ipsi
2046 3150 2123 3208 sit
2178 3146 2435 3208 clausum
2491 3143 2837 3221 (54—59)
2892 3164 2963 3207 ac
3022 3154 3219 3227 sperat
3276 3145 3675 3209 difficultatem
3731 3147 3849 3208 ad-

764 3249 937 3309 eundi
985 3269 1161 3329 posse
1209 3253 1465 3329 superari
1517 3245 1880 3321 [fio—oe).

492 3353 564 3417 V.
620 3353 752 3417 vsa.
800 3349 1101 3413 63—7‘1.
1169 3353 1373 3413 Denuo
1421 3357 1625 3413 inritat
1669 3349 2012 3427 [fia—66)
2056 3373 2128 3415 ac
2172 3356 2433 3434 queritur
2474 3354 2549 3414 de
2578 3356 2776 3414 matris
2806 3356 3013 3414 inertia
3045 3349 3163 3427 (67
3176 3350 3425 3431 -69),
3473 3375 3645 3435 quam
3678 3357 3850 3416 minis

764 3459 884 3517 *rull
928 3457 1205 3533 frangere
1249 3453 1773 3529 [ro—rtjfflj.

468 3561 564 3621 Ἡ.
622 3561 756 3621 Vsa.
804 3557 1097 3621 ‘feff‘ffl
1149 3561 1401 3621 Labores
1433 3561 1557 3621 vult
1585 3581 1781 3621 rursus
1813 3563 2111 3641 suscipere
2142 3558 2454 3644 (72—74)
2485 3571 2658 3643 atque
2688 3561 2859 3622 aliam
2893 3562 3162 3643 puellam
3195 3579 3480 3642 quaerere
3514 3556 3846 3640 (75—79).

556 3665 672 3725 Sed
708 3665 784 3725 de
820 3665 912 3725 bia
949 3665 1201 3745 partibus
1253 3673 1445 3741 potest
1485 3665 1737 3741 ambigi,
1785 3683 1976 3744 neque
2021 3668 2221 3727 nescio
2269 3666 2549 3747 quosdam
2593 3665 2764 3726 aliter
2809 3666 3095 3728 iudicare.
3190 3665 3275 3723 Ac
3318 3664 3367 3722 si
3415 3665 3649 3741 quaeris
3698 3679 3849 3740 quae

300 3769 660 3833 intercedant
704 3773 856 3829 iuter
896 3777 1093 3849 partes
1141 3769 1397 3845 singulas
1445 3773 1697 3829 rationes
1765 3769 2002 3830 habebis
2047 3770 2182 3830 bas:

1057 3973 1249 4034 11.
1433 3973 1509 4033 12
1689 4025 1701 4037 .
1953 3973 2033 4036 12
2282 4024 2297 4039 .
2419 3973 2464 4038 9
2588 4024 2603 4040 .
2725 3973 2771 4038 9
2888 4020 2903 4034 .
3022 3971 3061 4033 7

1001 4072 3147 4145 Β.5.4.4.4,3.4.1.4.6.3.4.5.3.4

560 4289 636 4349 At
692 4297 824 4349 suut
880 4293 977 4369 qui
1033 4289 1145 4349 eibi
1197 4293 1301 4349 'risi
1349 4293 1465 4349 aiut
1509 4293 1565 4349 io
1613 4289 1951 4369 Polyphemi
1997 4290 2252 4349 carmine
2296 4286 2593 4349 detexisse
2637 4284 2929 4364 strophas.
3024 4284 3117 4344 An
3164 4291 3361 4345 contra
3405 4281 3590 4342 libros
3634 4285 3848 4359 poetae

304 4393 532 4457 obtrudi
576 4401 820 4473 possunt
860 4393 1137 4473 strophae
1177 4393 1445 4453 versibus
1493 4393 1685 4453 multia
1733 4401 1829 4453 aut
1871 4394 2239 4473 transpositis
2289 4400 2385 4452 aut
2439 4388 2692 4452 eiectis?
2781 4387 2964 4462 Quasi
3029 4406 3170 4448 vero
3228 4402 3469 4447 necesse
3528 4385 3604 4445 sit
3658 4396 3844 4461 quae-

304 4517 532 4577 cunque
580 4505 880 4557 cantantur
941 4497 1185 4577 astringi.
1241 4499 1605 4577 stropharum
1665 4497 1929 4557 vineolis.
2021 4496 2381 4576 Quamquam
2424 4492 2780 4555 Fritzschius
2829 4492 3125 4553 existimat
3168 4490 3226 4564 (Ι
3268 4506 3326 4568 p.
3373 4482 3535 4563 342)
3580 4480 3847 4562 strophas

512 4669 560 4737 *J
600 4669 712 4733 Quo
752 4669 1073 4737 potissimum
1113 4665 1317 4717 ridetur
1353 4665 1477 4717 mihi
1517 4665 1721 4717 differre
1765 4683 1793 4717 a
1833 4663 2061 4732 Cyclope
2099 4673 2152 4716 et
2183 4664 2459 4716 Homerico
2498 4670 2551 4715 et
2584 4659 2901 4728 Euripiden,
2940 4668 3169 4714 monstro
3208 4656 3297 4709 illo
3338 4652 3711 4709 crudelissimo.

512 4753 584 4821 ”J
624 4757 796 4817 Quare
832 4757 876 4805 ai
912 4773 1137 4821 unquam
1177 4753 1405 4821 Cyclops
1445 4753 1777 4805 Theocriteua
1817 4753 1868 4802 in
1907 4767 2152 4802 scaenam
2186 4750 2469 4819 productus
2515 4749 2607 4814 sit,
2656 4764 2764 4800 non
2815 4746 3161 4799 dubitaverim
3210 4745 3334 4813 quin
3378 4742 3500 4794 illae
3548 4740 3848 4805 intercape-

304 4845 452 4897 dinen
492 4845 693 4897 fistulae
732 4853 888 4897 cautu
928 4841 1165 4909 expletae
1205 4841 1321 4893 siut.
1395 4841 1465 4889 Tu
1509 4841 1593 4889 uhi
1629 4838 1858 4905 idyllium
1895 4839 2110 4902 recitas,
2148 4838 2227 4890 his
2262 4837 2396 4889 locis
2434 4836 2807 4905 aliquantulum
2850 4834 3108 4888 subsiste!

516 4929 608 4997 m]
648 4929 908 4981 Hactenus
949 4929 1137 4981 amoris
1173 4929 1319 4977 furor
1353 4937 1577 4977 mentem
1617 4925 1943 4990 occaecavit,
1980 4941 2118 4976 nunc
2158 4924 2382 4993 Cyclops
2420 4924 2484 4977 ad
2522 4934 2747 4978 mentem
2783 4938 2961 4976 sanam
3006 4923 3296 4976 revertitur.
