4167 5517
2064 366 2108 434 8

567 591 654 635 vs.
703 570 788 635 33
830 590 979 635 voce
1026 570 1338 634 ἔπεστι.
1431 571 1634 653 Neque
1682 577 1832 634 enim
1883 576 2082 655 inepte
2128 576 2352 654 poteris
2396 575 2674 655 supplere
2718 575 2835 637 ἐπὶ
2878 574 2963 662 τῇ
2986 569 3208 660 ὅφρύι,
3260 586 3676 647 camartifices
3716 594 3878 651 anti-

306 681 408 757 qui
449 676 535 759 36)
586 680 984 757 expresserint
1029 676 1448 756 Polyphemum
1495 676 1681 738 tribus
1726 676 1941 755 oculis,
1997 688 2058 739 ut
2115 697 2284 755 super
2340 678 2485 739 illud
2533 680 2688 758 quod
2728 680 2829 741 hic
2873 689 3360 746 commemoratur
3414 690 3873 777 supercilium*)

305 784 657 862 pingeretur
699 781 874 842 rubro
918 780 1123 841 colore
1169 780 1377 841 oculus
1423 797 1604 858 unus,
1657 780 1759 841 sub
1802 795 1999 859 eoque
2033 782 2400 843 ,adderentur
2446 783 2560 843 duo
2607 784 2782 845 oculi.
2874 788 2961 845 Ac
3009 787 3166 865 quod
3211 789 3310 850 hic
3353 790 3709 872 Polyphemo
3754 800 3869 856 tri-

304 885 502 946 buitur
548 889 796 945 immane
840 884 1220 964 supercilium
1264 887 1605 963 negaverim
1654 903 1688 944 a
1734 902 2026 964 quoquam
2069 888 2355 966 pictorum
2401 894 2499 945 aut
2536 890 2950 949 statuar-iorum
2993 908 3127 951 esse
3174 910 3536 974 expressum,
3576 899 3681 958 sed
3713 918 3865 961 coa-

308 988 465 1048 sulto
512 989 570 1048 id
615 1007 648 1048 a
694 994 870 1067 poeta
916 988 1245 1049 adumbrari
1293 990 1744 1049 existimaverim
1803 996 1865 1048 ut
1910 990 2105 1067 imago
2150 990 2418 1051 omnibus
2464 1000 2599 1052 nota
2642 1008 2749 1071 per
2794 994 2984 1053 iocum
3031 994 3431 1059 detraheretur
3475 1001 3535 1059 in
3578 1000 3864 1065 deformi-

308 1100 484 1153 tatem
531 1093 916 1169 insigniorem
939 1090 1045 1173 ³⁷).
1136 1093 1258 1169 Ac,
1305 1112 1379 1152 ne
1425 1093 1591 1171 plura
1637 1101 1970 1168 consecter,
3435 1104 3452 1113 ·

566 1191 938 1257 πλατεῖα
997 1193 1082 1257 δὲ
1138 1193 1257 1279 ῥὶς
1311 1196 1450 1258 ἐπὶ
1506 1192 1763 1274 χείλει
1819 1198 1899 1256 ita
1957 1195 2416 1276 intellegendum
2473 1198 2703 1273 videtur
2768 1209 2830 1261 ut
2874 1201 3157 1280 fingamus
3200 1202 3424 1265 labrum
3481 1225 3622 1268 naso
3685 1212 3866 1287 tangi,

304 1299 464 1359 unde
499 1302 758 1360 exoritur
789 1308 1059 1379 aspectus
1089 1318 1371 1379 perquam
1404 1299 1632 1361 foedus».
1691 1300 1820 1360 Jam
1850 1318 1991 1360 vero
2023 1300 2419 1379 spectabimus
2449 1305 2810 1373 venustiora.
2850 1323 2981 1365 nam
3026 1309 3217 1385 pergit
3248 1307 3502 1389 Cyclops
3543 1312 3658 1373 hoc
3695 1323 3867 1393 pacto

569 1422 684 1464 vsa.
732 1399 910 1463 34—
927 1400 1044 1464 38:
1112 1403 1201 1463 At
1247 1404 1799 1465 deformitatem
1845 1414 2207 1482 superant
2250 1404 2602 1467 divitiae.
2670 1416 2838 1468 sunt
2882 1411 3072 1469 enim
3119 1410 3316 1474 mille
3366 1431 3680 1518 pecora,
3749 1425 3865 1477 est

302 1506 422 1566 lac
450 1510 892 1585 egregium,
941 1517 1052 1567 est
1097 1510 1316 1587 copia
1362 1525 1742 1569 caseorum
1788 1508 2169 1587 perennis.

566 1628 762 1707 Atque
810 1631 867 1687 in
913 1647 999 1688 vs,
1048 1629 1282 1707 quidem
1328 1625 1412 1689 34
1457 1648 1564 1709 pro
1612 1622 1856 1701 ωὑτὸς
1902 1628 2099 1689 malim
2144 1614 2511 1711 ουτοςθῦ),
2561 1631 2717 1709 quod
2764 1641 2953 1693 tamen
2999 1635 3477 1714 interpretatione
3522 1643 3864 1716 germanica

311 1742 448 1812 apta
494 1752 611 1793 non
659 1749 898 1811 possum
943 1732 1213 1795 reddere.
1305 1732 1449 1794 Nam
1497 1734 1628 1813 plus
1679 1733 1819 1794 dicit
1867 1751 2037 1811 quam
2082 1730 2206 1815 id),
2264 1735 2370 1795 sed
2416 1754 2649 1796 sensum
2695 1736 2951 1796 breviter
3006 1756 3276 1800 enarrare
3333 1744 3552 1803 nescio.
3633 1742 3867 1803 Etenim

315 1835 582 1896 audimus
627 1835 1048 1915 Polyphemum
1097 1837 1457 1898 confidenter
1501 1856 1568 1897 ac
1623 1838 2004 1899 vehementer
2061 1839 2481 1918 improbantem
2539 1838 2775 1919 puellae
2825 1840 3137 1903 fastidium.
3224 1842 3435 1922 Neque
3483 1844 3586 1904 ille
3629 1849 3870 1925 ignorat

315 1944 730 2020 praestantiam
776 1958 956 2001 suam.
1050 1940 1216 2014 Quae
1262 1944 1451 2002 omnia
1499 1944 1692 2002 insunt
1738 1943 1795 2001 in
1840 1961 1988 2002 voce
2034 1940 2241 2014 οὗτος.

559 2059 690 2119 Jam
737 2061 986 2121 observa
1032 2063 1473 2122 inconstantiam
1521 2063 1836 2142 quandam,
1906 2083 2022 2125 non
2068 2066 2269 2124 miram
2323 2066 2383 2124 in
2429 2059 2690 2145 Cyclope
2735 2065 3031 2127 desiderio
3078 2069 3241 2150 quasi
3286 2069 3660 2149 perturbato,
3732 2091 3860 2132 cum

303 2163 554 2223 vocibus
601 2164 979 2243 sequentihus
1036 2164 1460 2243 quodammodo
1521 2166 1807 2227 concedat
1864 2185 2014 2245 quae
2061 2165 2358 2228 Galateam
2405 2172 2739 2250 vituperare
2786 2173 3077 2231 existimat
3120 2190 3261 2233 vere
3304 2191 3479 2253 posse
3524 2177 3859 2253 vituperari.

310 2264 506 2338 Quare
551 2264 928 2340 τοιοῦτος
973 2262 1118 2328 ἐὼν
1162 2269 1479 2347 significat:
1524 2290 1863 2349 quamquam
1908 2272 2035 2330 talis
2077 2291 2224 2351 suan,
2269 2275 2307 2334 i.
2341 2292 2417 2351 e.‚
2463 2283 2524 2334 ut
2553 2274 2706 2334 hene
2736 2273 3056 2336 scholiasta
3086 2292 3292 2336 recens
3324 2280 3728 2386 interpretatur
3746 2276 3860 2359 ⁸⁹),

301 2363 686 2452 ἀσχήμων
730 2370 864 2431 καὶ
909 2366 1278 2453 δυςειδής.

560 2492 688 2552 Jam
734 2511 823 2553 vs.
869 2488 953 2552 34
996 2488 1169 2571 βοτά
1186 2489 1310 2573 4⁰),
1359 2512 1471 2572 qua
1502 2511 1648 2553 voce
1684 2494 1930 2572 quodvis
1961 2495 2249 2576 pecudum
2281 2517 2468 2576 genus
2500 2499 2789 2579 appellari
2819 2509 3045 2580 potest,
3091 2502 3188 2562 hic
3218 2502 3508 2580 significat
3538 2524 3667 2564 oves
3698 2499 3862 2583 (vide
3954 2519 3970 2527 ’

303 2612 461 2674 quae
508 2599 716 2675 scripsi
763 2596 835 2656 ad
882 2614 966 2657 vs.
1019 2594 1157 2676 1⁶2),
1205 2595 1308 2656 sed
1353 2598 1638 2675 gravitate
1686 2598 1962 2678 quadam,
2020 2606 2369 2681 praesertim
2414 2619 2543 2662 cum
2590 2606 2977 2682 coniungatur
3021 2623 3149 2665 cum
3192 2607 3373 2667 verbo
3418 2602 3700 2687 βόσκειν.

564 2718 765 2799 Neque
811 2723 1000 2780 minus
1058 2739 1180 2780 rem
1241 2729 1493 2797 exauget
1551 2716 1796 2799 χίλια.
1886 2723 1973 2782 Ac
2019 2742 2120 2783 cur
2166 2741 2438 2784 numerus
2481 2726 2829 2786 millenarius
2873 2746 2905 2786 a
2947 2735 3122 2807 poeta
3164 2738 3471 2807 usurpetur
3517 2728 3650 2818 inde
3699 2736 3863 2807 patet

305 2823 461 2904 quod
509 2825 858 2884 centenarius
904 2824 1072 2883 nimis
1119 2833 1275 2884 esset
1320 2826 1602 2902 exiguuS,
1647 2820 1937 2907 μυριὰς
1983 2846 2122 2888 vero
2169 2847 2201 2887 a
2249 2828 2361 2887 fide
2408 2828 2768 2890 abhorreret.

562 2946 689 3005 Jam
738 2962 909 3020 vero,
957 2953 1018 3003 ut
1062 2946 1121 3003 in
1165 2964 1252 3004 va.
1304 2943 1383 3005 12
1430 2945 1683 3022 legimus
1729 2947 1799 3007 ἐκ
1842 2942 2134 3026 βοτάνας
2164 2955 2354 3027 atque
2401 2952 2459 3008 in
2504 2968 2588 3010 vs.
2642 2946 2721 3009 16
2765 2945 3054 3032 Κύπριος
3097 2950 3165 3010 ἐκ
3208 2945 3526 3029 μεγάλας,
3574 2953 3654 3012 ita
3700 2952 3794 3011 hic

561 3051 619 3108 in
667 3066 750 3108 vs.
793 3044 876 3106 35
921 3046 1204 3107 hahemus
1251 3047 1331 3108 ἐκ
1374 3044 1713 3122 τούτων,
1752 3051 1918 3129 quod
1962 3050 2141 3111 velim
2189 3054 2536 3132 perpendas.
2627 3054 2848 3114 Dicitur
2894 3057 3045 3113 enim
3098 3054 3189 3114 lac
3233 3049 3485 3132 mulgeri
3532 3074 3605 3115 ex
3652 3053 3860 3135 ovibus

303 3153 536 3233 quidem
579 3154 750 3230 ipsi5‚
797 3160 988 3210 tamen
1035 3162 1195 3211 recte
1243 3150 1557 3230 intelleges
1605 3154 1851 3231 mulgeri
1887 3172 1961 3213 ex
1990 3153 2268 3215 uberibus
2300 3159 2512 3217 ovium.
2593 3157 2941 3236 Negaverim
2988 3165 3178 3216 autem
3223 3158 3336 3217 hoc
3380 3161 3566 3238 ipsum
3612 3160 3687 3218 ἐκ
3711 3153 3856 3218 τού·
3900 3136 3908 3144 ’

295 3277 432 3317 των
477 3255 548 3317 ad
595 3278 638 3314 α
617 3248 895 3335 μελγο
909 3275 1100 3334 μενο
1117 3251 1250 3335 ς41)
1297 3273 1428 3315 esse
1474 3255 1849 3318 referendum
1917 3255 2058 3338 (qua
2106 3259 2178 3320 de
2225 3279 2289 3320 re
2335 3260 2470 3320 vide
2515 3279 2737 3340 quaeso
2782 3270 2976 3321 notam
2999 3255 3083 3341 ³⁹)
3142 3264 3483 3344 extremam)
3554 3281 3683 3323 cum
3725 3263 3839 3322 hoc

295 3360 667 3441 participium
726 3356 800 3417 ad
856 3377 1086 3417 sensum
1147 3367 1306 3417 recte
1361 3360 1798 3438 percipiendum
1856 3380 1970 3422 non
2027 3366 2104 3424 sit
2147 3366 2574 3442 necessarium,
2642 3382 2888 3442 cumque
2934 3372 3218 3426 structura
3264 3385 3499 3441 versae,
3562 3373 3843 3444 quantum

294 3481 415 3541 ego
462 3465 799 3541 perspicio,
845 3461 1191 3539 refragetur.
1272 3462 1478 3536 Quare
1521 3463 1861 3526 vertendum
1906 3468 2164 3530 videtur.
2210 3471 2633 3549 quotiescunque
2672 3469 2928 3547 mu19e0‚
2972 3488 3122 3548 quae
3168 3472 3568 3549 interpretatio
3606 3486 3687 3528 eo
3734 3470 3845 3529 fir-

294 3575 481 3627 matur
525 3565 680 3643 quod
727 3563 976 3644 Cyclops
1021 3565 1360 3627 Homericus
1417 3569 1569 3627 inter
1623 3567 1994 3647 mulgendum
2053 3580 2276 3651 partem
2334 3570 2664 3653 (dimidiam
2722 3592 2747 3631 ι
2800 3567 2967 3653 246)
3025 3574 3172 3635 bibit
3227 3570 3570 3651 extemplo„
3622 3581 3849 3651 partem

294 3670 530 3748 reponit
573 3667 646 3728 ad
691 3685 913 3728 cenam.

553 3788 682 3849 Jam
727 3791 777 3848 si
814 3783 914 3849 τὸ
955 3784 1513 3870 αράτιιστονω)
1562 3786 1767 3870 γάλα
1808 3811 1921 3853 suo
1967 3797 2098 3855 usui
2144 3795 2432 3856 destinare
2480 3794 2721 3874 dicitur,
2788 3798 2902 3858 hoc
2955 3800 3031 3858 ita
3085 3794 3311 3854 videtur
3355 3792 3848 3872 interpretandum

293 3904 357 3953 ut
416 3893 512 3953 vel
571 3890 965 3953 mediocribus
1022 3892 1227 3953 ovibus
1278 3895 1498 3973 spretis
1551 3894 1708 3954 *lacte
1758 3914 1896 3955 eum
1943 3901 2114 3958 'vesci
2172 3901 2565 3960 existimemus
2624 3902 2820 3961 oviam
2869 3902 3213 3978 optimarum
3257 3912 3449 3973 neque
3493 3896 3653 3955 vesci
3689 3894 3854 3974 dacto

300 4017 500 4057 earum
548 4001 703 4057 ιιπιιιιῖ
749 3997 1109 4077 nataliumque
1169 3997 1273 4058 sed
1320 3998 1478 4058 nullo
1526 4000 1638 4058 nisi
1673 4001 2165 4076 praestantissimo
2211 4002 2495 4081 reliquam
2541 4014 2763 4082 partem
2808 4000 2952 4059 fetui
2995 3998 3233 4058 lactenti
3280 4006 3341 4057 et
3384 4000 3573 4058 caseis
3620 3996 3848 4065 fabian·-

296 4101 388 4161 dia
432 4101 857 4177 designantem.

562 4221 685 4293 Qun
749 4225 802 4281 ἰιι
865 4225 1196 4282 nai-rutinae
1242 4221 1486 4282 ¹‘intende
1540 4222 1808 4301 leporem
1867 4223 1965 4301 qui
2018 4224 2170 4282 inest
2215 4225 2275 4284 in
2317 4217 2980 4304 wce·³xp·d⁴ttd⁴l‘cv.
3068 4220 3264 4281 Potuit
3306 4219 3460 4281 enim
3505 4219 3616 4278 dici
3659 4210 3844 4277 κάλ-

294 4325 725 4405 λιστῡιι43],
797 4325 901 4385 sed
961 4337 1117 4385 esset
1172 4325 1527 4404 languidius.
1616 4325 1696 4385 At
1751 4320 1832 4387 τὸ
1894 4320 2253 4406 κράτιστον
2307 4322 2478 4406 γάλα
2536 4326 2687 4386 bene
2747 4322 3009 4385 declarat
3066 4342 3234 4402 quam
3293 4324 3455 4384 fortis
3506 4338 3576 4382 ac
3617 4319 3846 4379 validus

296 4429 542 4509 Gyulupi
588 4449 737 4509 opus
785 4433 857 4489 sit
901 4433 1097 4505 uibus,
1145 4442 1316 4508 q'uem
1344 4427 1643 4490 ‘Galateae
1683 4440 1891 4509 parum
1929 4432 2288 4490 'convenisse
2331 4425 2733 4490 iudicabimus.
2824 4425 3020 4501 Quare
3045 4426 3441 4507 Polyphemus
3484 4414 3576 4485 his
3622 4422 3865 4484 deliciis?

296 4537 416 4593 auis
468 4545 705 4613 captans
749 4533 1061 4593 Nereidem
1109 4535 1321 4594 invitus
1366 4540 1564 4593 movet
1605 4534 1802 4594 risum.

556 4637 685 4697 Jam
733 4657 873 4697 reru
921 4641 1109 4697 statim
1157 4633 1299 4717 (vss.
1331 4633 1434 4698 36.
1471 4632 1586 4716 37)
1633 4638 1740 4698 tria
1786 4647 2195 4699 enumerantur
2238 4639 2377 4697 anni
2418 4627 2702 4713 κηφονάε
2732 4644 2965 4712 'aestum
3013 4630 3637 4711 auutnmmswems.
3725 4629 3864 4691 Ver·

300 4753 492 4801 autem
544 4745 825 4801 amittitur
841 4737 933 4817 4⁴}
981 4741 1137 4817 quud
1181 4748 1301 4800 tum
1344 4748 1588 4821 propter
1632 4738 1802 4800 lactis
1850 4740 2260 4807 abundantiam
2305 4756 2536 4799 caseum
2582 4738 2799 4801 hahere
2846 4740 2993 4800 nihil
3038 4748 3129 4799 est
3172 4736 3489 4817 singulare.
3829 4760 3843 4767 ⁴

508 4945 556 5009 *J
617 4945 725 4997 Huc
765 4945 869 4993 dixi
909 4945 1171 4997 brevitatis
1210 4958 1386 4998 causa.
1461 4943 1752 4995 Dicendum
1789 4944 1887 4994 fuit
1926 4943 2028 4994 duo
2067 4946 2347 5012 supercilia
2382 4946 2435 4997 in
2474 4957 2629 4997 unum
2668 4946 2964 4999 coniuncta.
