4167 5517
784 1313 1638 1429 Commentarius
1710 1310 1821 1419 in
1894 1309 2449 1444 Theocriti
2525 1341 2961 1417 carmen
3030 1306 3742 1418 undecimum.
3845 1449 3862 1470 ⁶

471 2033 793 2182 Quisquis
837 2100 1073 2162 Homeri
1120 2114 1379 2177 unquam
1440 2098 1595 2176 legit
1652 2094 2129 2159 iucundissimam
2184 2093 2260 2155 de
2302 2093 2664 2176 Polyphemo
2720 2096 3140 2171 narrationem,
3208 2111 3426 2160 summa
3477 2095 3692 2174 opinor
3741 2093 4004 2173 voluptat

470 2205 900 2287 contemplatus
961 2212 1053 2264 est
1111 2210 1415 2282 pastorem
1472 2201 1789 2261 unoculum
1834 2208 1896 2260 et
1939 2199 2310 2276 semiferum,
2378 2200 2539 2260 cuius
2583 2200 2847 2259 immanis
2892 2200 3143 2258 saevitas
3186 2196 3376 2258 Ulixis
3421 2196 3640 2258 fallitur
3683 2197 3820 2259 dolo
3867 2206 4003 2276 atqu

470 2311 760 2374 sollertia.
848 2307 1055 2388 Neque
1118 2306 1510 2368 dubitaverim
1573 2306 1713 2384 quin
1764 2306 1820 2365 'is
1871 2306 1972 2383 qui
2020 2303 2184 2363 novit
2227 2303 2546 2384 Cyclopum
2576 2302 2946 2363 Homericum
2992 2303 3134 2361 velit
3176 2301 3276 2364 ubi
3319 2302 3462 2362 lieet
3505 2319 3872 2381 cognoscere
3916 2299 4007 2378 Gy·

472 2414 709 2494 elopem
754 2412 1165 2493 Euripideum,
1238 2412 1343 2490 qui
1408 2410 1631 2490 primas
1677 2411 1799 2488 agit
1841 2416 2041 2489 partes
2087 2407 2148 2466 in
2190 2407 2553 2487 lepidissimo
2599 2405 2702 2466 illo
2750 2405 3003 2466 dramate
3049 2407 3320 2482 satyrico.
3408 2405 3498 2466 Ac
3540 2407 3691 2465 sicut
3732 2423 3841 2465 nos
3884 2422 4007 2483 gau·

471 2516 680 2578 demus
735 2514 982 2576 ridicula
1039 2516 1283 2574 monstri
1346 2511 1751 2589 deformitate,
1822 2514 1904 2571 ita
1963 2512 2077 2570 iam
2133 2518 2369 2570 veteres
2413 2511 2695 2589 imprimis
2740 2508 2996 2569 Graecos
3040 2518 3239 2588 pastor
3282 2509 3578 2570 Aetnaeus
3622 2507 4007 2571 incredibilite

472 2620 809 2682 delectavit.
923 2616 1076 2691 Quid
1135 2617 1311 2696 igitur
1377 2618 1581 2676 mirum
1647 2616 1700 2676 si
1754 2632 1885 2676 cum
1941 2612 2197 2674 artifices
2251 2612 2554 2674 multarum
2608 2617 2958 2693 picturarum
3025 2631 3095 2673 ac
3139 2620 3350 2692 poetae
3396 2616 3711 2675 carminum
3756 2616 4007 2675 variorui

474 2722 632 2785 hunc
678 2722 999 2803 opilionem
1049 2718 1269 2780 fabulis
1321 2718 1681 2780 celebratum
1725 2718 1996 2780 dicuntur
2047 2720 2443 2797 expressisse,
2506 2725 2624 2778 tum
2682 2726 2849 2797 pater
2892 2724 3145 2797 poeseos
3189 2718 3540 2797 pastoriciae
3584 2718 3685 2796 qui
3729 2718 4005 2796 Syracusa

477 2842 586 2905 pro
628 2827 810 2904 patria
857 2824 1113 2887 habebat
1157 2822 1517 2883 Theocritus
1562 2830 1855 2904 pastorem
1902 2822 2071 2901 quasi
2113 2819 2449 2901 indigenam
2492 2841 2609 2883 non
2653 2821 2964 2900 neglexit?

737 2928 824 2989 Ac
867 2928 1092 2990 duobus
1152 2926 1393 3006 quidem
1456 2925 1680 3004 idylliis
1739 2925 2057 3006 Cyclopem
2115 2929 2383 2987 tractavit
2448 2944 2729 3005 eumque,
2797 2924 2956 3005 quod
3013 2925 3270 3002 mireriS,
3340 2933 3528 2985 aetate
3585 2934 3788 2985 tenera
3846 2942 4007 2985 amor

386 3027 395 3030 Α
480 3031 772 3094 Galateae
812 3030 1099 3092 Nereidos
1148 3035 1452 3092 incensum
1500 3032 1578 3090 ita
1624 3028 2013 3106 adumbravit,
2056 3039 2125 3090 ut
2168 3031 2221 3089 is
2266 3028 2453 3091 altero
2501 3029 2725 3110 idyllia,
2755 3027 2900 3101 (ΧΙ)
2946 3028 3201 3108 puellam
3248 3028 3459 3088 frustra
3505 3026 3812 3107 expetam,
3858 3029 4003 3089 alter

477 3135 624 3206 (Vl)
681 3135 835 3195 ultro
887 3131 1174 3195 ‘amantem
1239 3138 1354 3195 iam
1429 3134 1735 3194 fastidiose
1792 3152 2077 3213 spernens
2125 3133 2515 3195 induceretur.
2604 3130 2858 3205 Quorum
2905 3134 3220 3192 carminum
3266 3133 3375 3191 etsi
3425 3151 3540 3193 non
3585 3140 3811 3193 constat
3854 3142 4005 3194 utrm

477 3239 645 3318 prius
690 3239 765 3297 sit
808 3240 1113 3317 scriptum,
1170 3257 1364 3317 neque
1427 3237 1486 3297 id
1547 3239 1701 3297 scire
1758 3254 2118 3318 magnopere
2166 3247 2360 3298 nostra
2409 3238 2751 3312 interesset,
2822 3244 3014 3296 tamen
3062 3234 3266 3313 legere
3312 3254 3381 3298 ea
3427 3235 3636 3295 eodem
3684 3255 3799 3315 quo
3844 3236 3999 3297 collo

478 3342 610 3401 cavi
656 3339 865 3400 ordine
910 3342 1091 3400 satius
1139 3343 1264 3401 erit.
3255 3319 3262 3328 ’

740 3441 937 3516 Quare
997 3445 1121 3502 sive
1182 3445 1311 3521 quis
1357 3443 1738 3506 Theocritum
1795 3462 1950 3505 nunc
2008 3446 2258 3525 primum
2315 3443 2436 3505 adit
2492 3453 2551 3505 et
2594 3461 2816 3504 mecum
2865 3460 3095 3502 carmen
3140 3441 3220 3503 Xl
3277 3440 3403 3503 vult
3459 3443 3847 3522 perlustrare,
3915 3446 4004 3504 siv

481 3549 615 3626 quis
661 3549 776 3607 iam
821 3548 1062 3608 intravit
1106 3548 1165 3605 in
1214 3547 1340 3606 eius
1385 3543 1870 3625 familiaritatem,
1938 3564 2206 3627 propono
2266 3546 2420 3610 hunc
2474 3548 2982 3625 commentarium,
3051 3546 3155 3607 sed
3212 3545 3388 3607 velim
3450 3545 3717 3607 consulat
3757 3547 3835 3609 de
3878 3557 4000 3610 text

482 3651 678 3730 deque
724 3650 899 3711 rebus
947 3668 1095 3729 quas
1143 3652 1344 3710 omitto
1394 3652 1688 3713 editiones
1732 3651 2160 3713 Fritzschianas
2204 3653 2485 3731 imprimis
2529 3655 2805 3712 maiorem
2852 3653 3019 3712 annis
3069 3646 3517 3713 1864-1868
3559 3654 3899 3732 impressam
3945 3670 4003 3712 au

486 3755 690 3815 saltem
737 3757 1021 3815 minorem
1069 3756 1488 3816 commentario
1536 3758 1868 3816 instructam
1915 3757 2252 3834 germanico
2296 3756 2432 3815 anni
2482 3750 2666 3817 1869.

737 3859 828 3919 Ac
871 3858 1079 3920 suadet
1122 3856 1361 3937 quidem
1406 3862 1585 3936 poeta
1631 3857 1744 3917 hoc
1787 3857 1991 3935 idyllio
2039 3854 2245 3918 Niciae
2292 3858 2515 3920 cuidam
2561 3861 2749 3919 amico
2797 3862 2963 3937 quasi
3011 3859 3291 3939 epistula,
3338 3865 3508 3939 qu‘am
3544 3878 3653 3921 nos
3686 3862 3824 3921 artis
3852 3877 4000 3924 voca

477 3959 624 4021 bulo
670 3964 1028 4023 nominamus
1072 3957 1468 4041 poeticam*)‚
1521 3963 1933 4021 commercium
1955 3946 2288 4042 Musarum,
2333 3964 2554 4043 quippe
2602 3962 2760 4041 quod
2793 3981 2967 4023 unum
3001 3963 3077 4022 sit
3113 3965 3326 4023 amoris
3371 3962 3713 4040 remedium,
3759 3981 3999 4044 compro

477 4061 698 4143 batque
744 4066 1010 4144 exemplo
1055 4064 1420 4145 Polyphemi.

737 4166 934 4246 Atque
979 4169 1050 4228 de
1094 4168 1260 4231 Nicia
1306 4172 1354 4230 si
1406 4170 1642 4248 quaeris
1689 4186 1839 4247 quae
1885 4170 2090 4230 tradita
2136 4172 2256 4230 sint
2299 4188 2570 4249 quaeque
2614 4172 2841 4250 possint
2884 4168 3020 4230 inde
3067 4167 3304 4247 colligi,
3350 4168 3532 4231 habes
3573 4188 3723 4249 quae
3753 4170 4001 4231 sufficiat

485 4267 638 4346 apud
680 4265 1060 4332 Fritzschium
1104 4273 1230 4344 (ed.
1266 4292 1378 4334 ma.
1424 4273 1450 4333 1
1496 4291 1553 4353 p.
1587 4267 1772 4351 345),
1820 4273 2032 4353 quibus
2077 4276 2128 4334 si
2175 4274 2370 4353 placet
2414 4274 2563 4334 adde
2612 4291 2765 4352 quae
2810 4273 3027 4348 infra1)
3075 4292 3380 4354 exponam.
3471 4274 3593 4337 Nos
3638 4277 3749 4336 iam
3794 4282 3998 4355 specte

480 4388 613 4433 mus
672 4378 990 4437 accuratius
1059 4376 1245 4454 qualis
1306 4380 1383 4439 sit
1438 4377 1556 4439 hoc
1604 4381 1860 4439 carmine
1905 4397 2163 4460 persona
2209 4376 2505 4457 Cyclopis,
2595 4377 2730 4454 Est,
2798 4387 2861 4438 ut
2916 4396 3092 4458 supra
3149 4377 3505 4456 significavi,
3574 4380 3999 4442 adulescentulo

479 4474 714 4556 perdite
759 4493 951 4538 amans
984 4476 1299 4540 Nereidem
1331 4481 1747 4543 dulcissimam.
1840 4481 2004 4555 Quae
2051 4498 2182 4544 cum
2231 4500 2365 4542 eum
2408 4482 2711 4563 repudiet,
2757 4480 3159 4543 sollicitudine
3203 4486 3417 4544 amoris
3462 4492 3764 4562 torquetur
3806 4487 3999 4546 miser«

478 4577 739 4640 Tandem
784 4579 1003 4640 invenit
1044 4581 1390 4643 medicinam
1434 4585 1697 4646 vulneris
1729 4585 1887 4664 quod
1916 4588 2147 4667 pectori
2180 4584 2389 4646 inflixit
2417 4585 2635 4647 Venus.
2725 4585 2993 4647 considit
3039 4590 3194 4648 enim
3239 4589 3298 4649 in
3344 4587 3589 4669 scopulo
3635 4587 3842 4666 litoris,
3887 4586 4000 4648 und

477 4682 736 4744 auditum
791 4700 860 4743 se
917 4683 991 4742 iri
1043 4687 1278 4748 confidit
1335 4704 1371 4747 a
1416 4685 1687 4767 Galatea,
1757 4698 1818 4750 et
1872 4708 2116 4752 securus
2177 4689 2252 4751 de
2310 4708 2502 4770 grege
2559 4707 2817 4751 amorem
2876 4709 3040 4754 suum
3104 4692 3263 4752 canit
3319 4699 3378 4753 et
3428 4693 3681 4756 carmine
3727 4700 3785 4753 et
3829 4691 3999 4752 fistuli

686 4904 735 4974 'J
793 4905 1123 4959 Scholiastue
1162 4908 1425 4996 appellant
1458 4908 1691 4975 idyllium
1731 4890 2215 4979 διηγηματικόν.

3269 5016 3297 5067 1
